3228 5280
597 299 794 351 rrnunusxt.
1139 283 1205 354 ³15

118 446 347 534 mndamentm
367 448 479 531 quibus
495 464 575 512 nova
591 451 624 512 et
639 446 806 514 exordiens
822 446 961 512 'sacietas
983 447 1246 522 constituebatur:

116 540 360 614 Sacerdotium,
376 536 560 620 Imperium.
572 536 664 604 Nunc
675 536 714 599 de
726 535 792 600 eius
804 535 984 605 concordia:
997 556 1014 595 a
1028 536 1115 602 Bene
1127 545 1246 615 autam,

119 629 344 710 prosequitur,
362 626 470 692 omnia
486 627 639 706 geruntur
653 628 686 688 et
700 629 932 708 competenter,
950 625 979 690 si
993 625 1041 691 rei
1051 627 1249 709 principiam

116 717 183 798 fiat
198 717 351 781 decens-ct
366 714 499 779 amabile
511 711 590 777 Dea.
604 709 672 778 lloc
684 715 789 780 autem
805 714 947 781 laturum
959 725 1028 792 esse
1038 714 1206 793 credimus,
1220 717 1248 781 si

119 814 296 870 sacrarum
307 804 491 888 repuleram
503 801 700 875 observantia
712 803 915 878 custodiatur,
927 797 1021 884 quain
1038 802 1128 878 iusti,
1139 810 1172 869 et
1183 807 1249 870 lau-

118 892 238 968 dandi,
252 898 285 959 et
302 891 453 957 adorandi
470 890 665 971 inspectores
676 894 709 956 et
721 890 864 958 ministri
875 890 934 956 Dei
948 891 1035 957 verbi
1048 892 1247 961 tradiderunt

119 980 290 1062 Apostoli,
315 987 348 1046 et
367 979 469 1044 sancti
486 979 595 1043 Patres
615 979 832 1045 custodierunt
847 983 880 1044 et
896 979 1144 1061 explanaverunt
1165 980 1207 1065 1).
1227 1005 1244 1047 a
1277 984 1487 1056 illustramur.

118 1069 270 1134 Attende
283 1067 480 1134 baecduozi.
492 1067 520 1130 si
531 1067 579 1130 rei
591 1066 797 1147 principiam,
811 1069 894 1132 unde
905 1068 1069 1150 utriusque
1080 1071 1245 1152 potestatis
1266 1061 1311 1130 Vl,
1328 1065 1432 1132 praet,
1455 1065 1489 1156 {td

121 1158 199 1221 iura
210 1161 426 1235 secernantur,
448 1172 511 1219 non
528 1155 570 1222 sit
585 1154 755 1222 aemulatio
773 1159 806 1222 et
822 1155 953 1231 invidia,
968 1157 1022 1221 sed
1032 1159 1087 1240 fiat
1098 1160 1206 1224 decens
1218 1169 1246 1224 et
1266 1135 1368 1194 ⁰⁸¹⁰⁰m
1393 1137 1490 1196 Codte.

120 1245 264 1311 amabile
280 1244 346 1310 lieo
361 1243 413 1329 (a);
433 1245 466 1308 2.
486 1241 589 1308 otiicia
603 1243 737 1326 imperii
752 1243 808 1310 illa
824 1250 959 1320 suntut
974 1263 1140 1312 sacrarum
1154 1265 1246 1332 repa-
1267 1215 1340 1271 Μ·

121 1335 236 1399 laram
251 1333 451 1399 observantia
474 1331 682 1397 custodiatur:
697 1349 776 1414 quae
796 1338 844 1399 est
859 1333 945 1415 regia
962 1333 1008 1398 vis
1022 1339 1056 1400 et
1070 1339 1242 1418 protectio.

119 1423 298 1489 Rationem
314 1422 389 1487 alibi
404 1420 496 1488 affert
510 1421 699 1502 Imperator:
715 1441 732 1482 a
746 1419 828 1501 Quia
846 1422 930 1503 quad
945 1422 978 1486 in
995 1423 1185 1505 religionem
1197 1427 1245 1490 di-

122 1511 235 1578 vinam
254 1510 483 1583 committitur,
501 1508 536 1574 in
553 1510 697 1574 omnium
720 1509 823 1575 lentur
837 1509 990 1576 iniuriam
1006 1509 1049 1594 2).
1071 1535 1088 1575 a
1105 1513 1143 1576 ln
1160 1513 1245 1579 iniu·
1279 1512 1306 1598 il
1322 1509 1389 1598 Coi·
1404 1517 1466 1570 1¹⁴⁸!
1472 1558 1490 1586 a

119 1600 207 1665 riam
224 1601 344 1668 scilicet
360 1597 518 1665 Ecclesiae
534 1603 567 1663 et
581 1596 725 1682 Imperii,
743 1597 825 1663 unde
841 1603 975 1682 utreque
997 1605 1070 1666 sant
1086 1605 1244 1682 potestate
1268 1585 1314 1645 bb.
1330 1588 1352 1660 ¹³
1368 1593 1410 1644 ¹¹¹·
1429 1593 1489 1661 ⁵2⁴·

5 1759 6 1766 χ
119 1690 312 1756 coercenda.

215 1777 276 1844 IX.
293 1775 512 1844 Sacerdotium
527 1779 560 1840 et
575 1772 764 1856 imperium,
778 1792 820 1840 ee
833 1793 897 1842 aaa
910 1779 1073 1859 eademque
1082 1779 1243 1860 principia

5 1941 6 1946 .
122 1873 261 1948 atraque
274 1866 486 1946 procedentia,
504 1880 537 1928 se
549 1864 666 1929 mutuis
679 1865 787 1931 tavent
801 1865 979 1947 praesidiis.
991 1866 1073 1931 Dum
1090 1868 1177 1933 enim
1188 1869 1244 1937 Sa·

5 1973 6 2040 j
121 1955 303 2020 cerdatium
319 1953 549 2035 imperantibus
564 1951 777 2020 obedientiam
794 1953 881 2024 iubet
896 1954 1117 2031 adhibendam,
1136 1957 1242 2024 divina

5 2059 6 2072 ¹
121 2045 332 2125 omniumque
347 2041 562 2110 efficacissima
586 2041 789 2119 auctoritate:
808 2061 848 2107 ex
862 2043 924 2108 alia
941 2049 1031 2125 parte
1047 2043 1243 2126 imperantes

5 2159 6 2214 j
120 2133 187 2214 ipsi
203 2133 418 2199 decreverant:
438 2150 455 2190 «
472 2129 623 2197 Volumus
647 2135 741 2213 atque
756 2131 978 2214 praecipimus,
998 2138 1033 2198 ut
1054 2151 1163 2199 omnes
1177 2136 1241 2202 suis

121 2220 348 2295 sacerdotibus,
366 2224 432 2285 tam
448 2218 578 2284 maioris
593 2219 715 2296 ordinis
730 2237 825 2303 quam
840 2225 873 2286 et
888 2221 1063 2296 interioris,
1077 2238 1094 2285 a
1106 2223 1240 2288 minimo

5 2301 6 2394 ἲ
122 2309 273 2392 usquead
285 2308 470 2383 maximum,
488 2313 524 2374 ut
539 2325 661 2374 summa
676 2309 756 2384 lieo,
773 2308 861 2374 cuius
875 2309 943 2375 vice
954 2310 988 2375 in
1004 2310 1144 2376 Ecclesia
1156 2312 1241 2393 lega-

123 2399 214 2465 tione
226 2399 412 2479 iunguntur,
422 2396 606 2462 obedientes
617 2397 857 2465 existanthm
869 2397 955 2464 nullo
967 2393 1059 2480 pacto
1070 2417 1239 2481 agnoscere

5 2481 6 2522 ³
124 2505 299 2570 possumus,
317 2486 452 2569 qualiter
466 2485 554 2550 nabis
568 2485 670 2568 fideles
681 2487 814 2552 existere
826 2487 969 2567 possunt,
985 2489 1039 2569 qai
1053 2487 1120 2552 Dea
1131 2489 1240 2571 infide·
1284 2502 1287 2508 '

5 2601 6 2608 ¹
124 2578 181 2652 les,
199 2584 227 2642 et
242 2577 309 2641 sais
323 2574 531 2640 sacerdotibus
543 2575 827 2655 apparaertaaaus
838 2575 975 2656 qualiter
986 2575 1077 2640 nobis
1090 2577 1240 2642 obedien·

123 2673 185 2742 tes,
199 2664 379 2747 nostrisque
394 2663 551 2728 ministris
566 2680 603 2728 ac
619 2661 1003 2745 legatisobtemperantes
1019 2670 1123 2740 erunt,
1133 2667 1188 2747 qui
1200 2665 1242 2728 11.

5 2751 6 2776 i
125 2754 176 2830 lis,
191 2755 224 2818 in
237 2753 297 2818 Dei
309 2752 410 2817 causis
422 2751 671 2818 et1Ecclesiarum
684 2751 887 2827 utilitatibus,
898 2769 962 2816 non
974 2752 1238 2835 obtemperant...

5 2869 6 2878 ¹
124 2843 271 2910 labemus
282 2859 358 2923 ergo
370 2845 405 2908 ut
415 2858 525 2905 ornnes
536 2840 595 2916 eis,
607 2859 664 2924 pro
681 2840 810 2917 viribus,
821 2840 979 2905 adeorum
990 2842 1166 2923 peragenda
1179 2841 1241 2906 mi-

126 2931 268 3006 nisteria,
278 2937 311 2996 et
323 2930 362 2995 ad
374 2929 473 2994 malos
484 2934 517 2994 et
529 2934 710 3010 peccatores
722 2934 815 3012 atque
828 2929 1022 3011 negligentes
1033 2930 1180 2996 homines
1192 2930 1241 2996 di-

5 3049 6 3052 *
122 3020 336 3102 stringendos,
350 3036 549 3099 summopere
561 3018 744 3083 obedientes
759 3020 906 3086 existant.
925 3016 988 3098 Qui
1004 3023 1111 3084 autem
1125 3017 1236 3104 in'his,

5 3107 6 3148 ³
123 3105 1239 3192 quodabsit,negligenteseisqueinobedientesiuerintinventi‚‘sciant

123 3216 226 3263 senec
239 3199 274 3262 in
287 3201 393 3262 nostro
409 3196 545 3277 imperio
558 3196 695 3272 bonores
705 3197 857 3271 retinere,
868 3195 944 3261 licet
954 3195 1049 3261 etiam
1062 3195 1123 3262 tilii
1135 3197 1239 3262 nostri

125 3287 253 3361 tuerint,
274 3303 330 3351 nec
346 3285 379 3349 in
396 3285 515 3367 palatio
532 3285 649 3361 locum,
668 3303 771 3368 neque
787 3285 950 3350 nobiscum
962 3290 1016 3351 aut
1030 3300 1102 3349 cum
1118 3285 1239 3352 nostris

125 3376 309 3440 sacietatem
324 3379 379 3439 aut
393 3373 759 3440 communionemullam
774 3372 903 3449 babere,
916 3373 970 3437 sed
982 3373 1082 3454 magis
1098 3374 1154 3438 sub
1170 3392 1237 3438 ma-

126 3481 185 3550 gna
196 3463 396 3528 districtione
407 3468 441 3528 et
453 3461 602 3531 ariditate
615 3479 733 3545 poenas
748 3463 847 3537 luere,
919 3462 973 3526 sed
988 3462 1086 3527 etiam
1101 3461 1235 3527 infames
1274 3505 1279 3518 .

124 3558 214 3634 atque
226 3551 352 3634 reprobi
362 3551 529 3617 manifeste
537 3556 719 3633 apparentes
729 3551 935 3628 notabuntur,
946 3568 1118 3633 earumque
1126 3551 1236 3618 domus

124 3641 374 3726 publicabuntur,
392 3646 425 3707 et
440 3640 503 3722 ipsi
519 3638 733 3707 exiliabuntur
748 3637 792 3724 3).
813 3663 830 3703 a
1251 3619 1482 3772 pit'aliglrmtaffi,

196 3803 236 3877 (et
250 3806 338 3873 Quum
353 3801 514 3878 principium
528 3802 596 3862 illud
608 3801 712 3861 decens
728 3811 755 3862 et
769 3801 900 3861 amabile
913 3806 974 3860 Dea
988 3804 1012 3860 in
1025 3801 1151 3876 gentibus
1164 3799 1235 3861 lars·
1256 3771 1402 3848 ⁴³⁷3³⁰¹¹⁰
1414 3777 1479 3832 ⁸⁰⁵·
1524 3793 1527 3798 '

125 3877 247 3952 tesseres,
257 3887 367 3950 praeter
379 3895 412 3936 ea
427 3895 495 3953 quae
507 3880 597 3954 stricti
608 3887 673 3936 sunt
684 3881 760 3953 iuris,
769 3877 816 3936 illa
826 3893 933 3951 quaque
944 3893 1015 3951 quae
1026 3878 1183 3952 religionem
1195 3879 1236 3938 rel

124 3955 246 4025 pietatem
256 3961 407 4028 utcumque
420 3955 573 4028 afficerent,
582 3954 769 4013 ecclesiastica
780 3954 967 4012 iurisdictione
978 3953 1169 4011 censebantur.
1178 3955 1235 4012 llu-

125 4030 164 4085 ius
177 4031 284 4104 generis
298 4039 360 4088 suut
376 4036 634 4103 testamenta,pacta
648 4039 676 4088 et
685 4030 864 4105 obligationes
875 4029 972 4102 quibas
982 4029 1153 4088 iurisiurandi
1167 4031 1235 4088 tides

124 4107 275 4177 accederet,
292 4107 456 4163 matrimonii
471 4105 586 4164 allectus
600 4122 669 4178 pure
682 4107 772 4165 civiles
787 4112 901 4178 propter
914 4110 1128 4176 sacramentnm,
1140 4105 1235 4162 vidua-

126 4193 182 4237 rum
193 4189 220 4240 et
229 4182 415 4253 orphanorum
427 4195 539 4253 causae,
549 4183 757 4255 peregrinarum
768 4180 811 4239 rel
822 4181 1014 4254 naufragorum
1024 4177 1094 4236 bana
1104 4185 1159 4236 etc.
1169 4179 1234 4238 Ual-

125 4258 252 4314 versalem
268 4257 337 4315 adeo
350 4257 574 4315 consuetudinem
587 4274 639 4315 nec
655 4258 711 4327 ipse
725 4257 966 4328 protestantismus
976 4255 1127 4311 extinxerat
1139 4253 1174 4310 ab
1183 4255 1233 4309 ini-

125 4332 157 4388 tio
171 4333 398 4405 (Wrcrsa,Droit
412 4331 481 4389 ecci.
496 4333 532 4390 de
547 4337 642 4390 taates
654 4331 695 4390 les
709 4333 887 4462 consessione
899 4329 1109 4400 cardicenses
1120 4328 1232 4400 tietb·
1340 4359 1344 4366 -

125 4407 273 4466 bundabant
285 4408 333 4466 illi:
349 4409 395 4466 aed
411 4407 515 4466 videant
529 4409 614 4466 nostri
629 4423 692 4465 nam
707 4410 756 4465 civi
770 4410 808 4465 ior
818 4405 897 4462 inerit
912 4403 959 4462 illa
972 4405 1097 4472 societas,
1106 4419 1157 4475 qua
1167 4418 1231 4475 gra-

124 4483 189 4540 viora
201 4486 308 4558 negotia
322 4484 457 4557 religionis
470 4486 579 4541 numine
593 4483 803 4558 tegebantur,an
812 4495 943 4554 praesens
954 4494 1006 4553 qua
1016 4477 1140 4551 religiosa
1152 4478 1231 4535 iaris·

124 4558 198 4617 dictio
213 4567 241 4617 et
256 4561 294 4619 vis
308 4560 439 4618 latissime
450 4558 612 4636 despicitur.
