3224 5282
424 305 489 370 108
861 321 1006 372 rmnnrr.

464 468 550 534 llaec
566 467 611 533 vis
626 466 733 544 realis,
748 466 941 550 proprietati
963 466 1115 534 insidens.
1133 465 1167 535 Si
1182 465 1313 534 verbum
1327 464 1493 550 inspicias,

376 575 473 640 quum
484 556 711 623 exl'orcellino
721 557 899 640 proprietas
911 557 1078 623 verborum
1089 577 1107 617 r
1117 556 1159 622 sit
1170 555 1354 623 coniunctio
1365 555 1497 621 illorum

377 650 465 711 arcta
486 650 520 710 et
535 650 608 728 apta
631 665 704 712 cnm
718 645 812 710 rebus
827 645 906 727 ipsis
921 663 997 728 quas
1019 645 1213 728 significant,
1233 667 1250 707 r
1266 645 1445 728 proprietas
1461 646 1498 708 in

379 738 490 800 nostro
503 751 577 798 casu
592 735 655 800 erit
669 734 847 799 coniunctio
861 753 971 800 rernm
985 743 1075 800 arcto
1090 743 1118 799 ct
1131 741 1209 814 opto
1223 751 1295 798 cum
1313 751 1425 798 eorum
1439 735 1499 798 dn-

378 824 478 888 mino.
496 822 586 889 Unde
601 841 708 888 rerum
732 823 931 905 propriarum
947 828 981 888 et
995 822 1214 896 communium
1235 819 1417 897 distinctio,
1433 839 1500 904 qua

377 929 450 977 usus
464 915 511 977 est
524 908 647 978 Cicero:
667 931 685 972 n
703 911 746 978 Ut
758 927 831 976 cum
846 912 1001 977 ademerit
1019 909 1109 977 nobis
1125 911 1234 976 omnia
1244 927 1326 993 quae
1339 914 1451 974 nostra
1464 927 1500 973 e-

379 1004 451 1065 rant
464 999 611 1082 proprio,
626 1017 666 1064 ne
678 1000 780 1065 lucem
794 1018 919 1084 quoque
929 998 1011 1066 banc
1026 1017 1106 1084 quae
1116 1000 1291 1066 communis
1301 1003 1361 1075 est,
1370 999 1501 1084 eripere

155 1099 359 1169 ceromate
379 1089 486 1173 cupiat
505 1085 546 1172 1).
567 1109 585 1149 ι

136 1181 245 1241 amer,
265 1175 288 1250 t,
302 1181 330 1233 2.
469 1177 528 1241 111.
551 1175 635 1240 Duos
651 1181 743 1242 nacta
753 1171 802 1245 est
816 1176 1011 1250 adversarios
1021 1177 1214 1260 proprietas:
1232 1173 1456 1240 &adamam
1467 1179 1502 1239 ct

381 1263 663 1332 tommentsmom.
681 1265 786 1332 Ambo
802 1283 898 1330 unam
913 1265 1117 1348 eamdemque
1132 1265 1236 1330 ideam
1249 1269 1500 1346 prosequuntur:

378 1352 433 1417 sed
449 1352 604 1416 indirecte
620 1368 656 1415 ac
672 1353 772 1419 velata
788 1353 869 1417 facie
883 1353 1098 1430 Socialismus3
1115 1353 1237 1419 directe
1257 1369 1332 1417 vero
1347 1351 1504 1418 Commu-

382 1442 513 1506 nismus.
530 1439 591 1505 llic
609 1439 750 1506 absolute
769 1442 886 1505 nodum
901 1447 997 1518 secat,
1015 1441 1278 1523 inquiens-Dent
1292 1442 1406 1505 omnio
1427 1442 1505 1522 [ecit

380 1529 576 1604 communen·
591 1529 741 1593 violentie
751 1531 976 1609 proprietatem
989 1531 1076 1613 [ecte
1087 1545 1286 1596 morereris
1302 1544 1363 1593 nsr
1374 1545 1504 1594 muno

379 1635 510 1685 crurum.
520 1615 652 1692 Contra,
664 1617 864 1693 Socialismus
876 1617 980 1691 Statui
991 1617 1057 1683 sire
1067 1617 1207 1698 Imperio
1219 1617 1388 1700 quamdam
1401 1617 1505 1681 veluti

342 1761 348 1767 .
380 1704 646 1789 omnipotentiam
661 1707 794 1784 confert,
812 1704 926 1771 deinde
945 1705 1079 1790 imperio
1093 1706 1195 1772 utitur
1216 1705 1346 1787 eiusque
1362 1705 1503 1786 legibus,

380 1799 416 1858 ut
431 1794 661 1875 proprietatem
682 1799 835 1868 coerceat,
854 1794 976 1875 fatiget,
995 1795 1034 1858 ad
1048 1811 1182 1878 agonem
1205 1792 1343 1874 redigat.
1365 1793 1505 1875 lmperii

379 1881 487 1963 itaque
503 1883 536 1945 in
553 1897 603 1945 res
618 1881 822 1965 hominesque
834 1881 1079 1966 omnipotentia,
1091 1883 1194 1950 velunt
1205 1887 1325 1964 estqno
1335 1883 1460 1962 tegitur
1471 1886 1507 1945 ct
1606 1957 1607 1960 Ἴ

380 1968 506 2033 tucatur
521 1968 736 2035 Socialismus.

469 2056 527 2120 tv.
546 2057 670 2139 Legalis
681 2059 729 2122 vel
741 2059 873 2124 inridier
885 2056 1116 2126 Communisml
1127 2057 1250 2124 sanctio
1262 2075 1429 2142 nunquam
1441 2058 1509 2122 erit

380 2143 527 2208 societati
543 2146 806 2225 pertimescenda:
824 2147 896 2212 altis
910 2148 1007 2214 nimis
1020 2148 1177 2214 radicibus
1199 2146 1379 2230 proprietas
1396 2147 1434 2211 in
1451 2164 1510 2209 na-

383 2237 453 2297 tura
465 2231 626 2313 defigitur:
638 2231 830 2318 Quandoque
842 2241 946 2300 tamen
958 2237 1074 2320 erupit,
1086 2238 1264 2319 iterumque
1276 2235 1385 2300 forsan
1397 2252 1512 2298 erum·

383 2323 449 2402 pet:
467 2319 520 2386 sed
538 2320 633 2389 veluti
649 2321 793 2404 direptor
808 2341 844 2388 ac
860 2324 1079 2410 depopulator,
1098 2341 1258 2408 nunquam
1272 2329 1310 2389 ut
1327 2323 1510 2404 legislator.

383 2403 530 2472 Publicae
543 2412 648 2484 antem
660 2409 928 2492 depopulationes,
939 2414 1014 2496 qnid
1026 2414 1088 2480 nisi
1100 2414 1223 2495 publica
1235 2417 1268 2482 et
1279 2429 1397 2492 magna
1410 2414 1513 2478 latro-

383 2495 484 2560 ciniai
497 2495 571 2560 Fuit
585 2513 675 2578 erge,
693 2497 819 2580 iamque
834 2502 951 2564 iterum
966 2501 1147 2568 minabatur
1160 2499 1436 2574 Communismus,
1454 2501 1511 2566 sed

383 2581 479 2658 uclnti
495 2583 644 2662 procella,
661 2589 787 2656 torrens
803 2588 850 2651 vel
866 2588 949 2656 unda
964 2589 1076 2656 lluens:
1095 2589 1191 2656 relrti
1206 2588 1341 2662 luctum,
1355 2605 1424 2653 uno
1437 2608 1513 2654 ver-

382 2671 436 2821 ξο,
455 2669 510 2826 setd
526 2671 614 2823 ndnllo
637 2689 775 2756 unquam
800 2679 944 2755 tempore
958 2678 1005 2742 vel
1021 2677 1178 2745 tevnstma
1201 2677 1377 2758 legalitatis
1399 2679 1514 2759 specie

406 2774 481 2832 ones
497 2775 537 2832 an
560 2777 606 2827 ιιι.
989 2781 993 2790 ’

388 2913 391 2922 .
471 2845 513 2916 V.
532 2847 581 2914 Ex
595 2846 824 2923 antemnates
845 2868 1030 2932 praoeumor
1043 2853 1258 2930 Secialismus,
1282 2853 1340 2936 qui
1361 2855 1514 2936 imperio

380 2933 552 3012 blanditur,
567 2935 623 3019 qui
634 2936 767 3019 Imperii
779 2940 1044 3022 omnipotentiam
1053 2941 1221 3023 contingit,
1235 2942 1291 3027 qui
1302 2942 1389 3006 banc
1400 2945 1515 3008 omni-

379 3023 555 3106 potentiam
572 3023 669 3099 roret,
687 3041 820 3110 eamque
831 3028 870 3093 ad
881 3045 915 3096 se
929 3029 1056 3098 trabere
1069 3036 1214 3107 conatur,
1227 3029 1324 3114 pertis
1336 3035 1389 3096 est
1405 3034 1515 3097 socie-

380 3115 479 3178 tatem
494 3111 644 3181 tacitttme
656 3131 836 3195 pervasum.
847 3115 1010 3184 Facillime
1021 3118 1163 3204 inquam:
1180 3137 1246 3184 non
1258 3119 1348 3184 enim
1359 3119 1462 3186 simul
1475 3139 1513 3187 ac

380 3202 476 3266 semel
491 3200 577 3267 virus
593 3202 739 3279 effundit,
752 3205 808 3270 sed
818 3205 937 3271 sensim
946 3207 1016 3272 sine
1027 3225 1119 3274 sensu
1132 3208 1309 3284 doetrinae,
1323 3209 1515 3277 institutio·
1593 3241 1598 3250 ·

380 3305 449 3363 nes,
460 3289 529 3356 iura
542 3290 685 3365 socialia,
695 3291 815 3368 civilia,
829 3295 973 3376 politica,
986 3297 1131 3379 serpenti
1141 3298 1285 3382 qnotidie
1296 3298 1372 3365 abe
1386 3301 1512 3367 inlicit.

379 3375 502 3442 Nullibi
517 3381 603 3444 totta
617 3383 650 3443 et
664 3379 789 3460 integer
800 3387 924 3450 constat
935 3384 984 3451 vel
995 3402 1029 3448 se
1039 3385 1146 3467 prodit
1153 3386 1367 3464 Socialismus,
1381 3390 1442 3454 sed
1453 3409 1515 3482 per

380 3464 549 3544 qnamdam
564 3465 662 3530 veluti
681 3465 818 3534 sebabm
833 3475 866 3536 et
881 3474 1134 3552 progressionem
1148 3476 1346 3552 extenditur,
1364 3477 1402 3541 in
1419 3478 1517 3542 cuim

380 3548 493 3614 ultimo
510 3551 609 3652 madar
624 3553 703 3654 latet
717 3553 981 3627 Communismus.
995 3560 1079 3640 Quid
1090 3561 1196 3643 plorat
1206 3564 1332 3629 lamdiu
1349 3564 1516 3647 imperio-

379 3653 452 3700 rum
463 3637 582 3712 sedem,
592 3642 886 3710 iurisconsultorum
898 3651 931 3713 et
942 3648 1184 3729 legumlatorum
1196 3657 1340 3718 mentem
1352 3655 1512 3736 arripnit.

380 3723 460 3786 Fere
475 3741 645 3825 numquam
660 3729 760 3796 civilis
774 3734 909 3800 societas
921 3735 960 3800 ab
970 3736 1029 3804 bne
1039 3737 1122 3803 cavit
1134 3739 1341 3816 infirmitatae
1357 3758 1516 3822 praesens

380 3825 468 3883 tero,
485 3827 622 3881 maxime
633 3815 810 3884 Secialismi
825 3823 876 3904 lue
891 3823 1294 3907 emmerammensis
1307 3829 1444 3893 tandem
1457 3831 1514 3895 illa

381 3905 592 3974 pervenerunt
614 3904 818 3983 politicorum
839 3916 1009 3994 systemata
1027 3913 1068 3977 de
1085 3921 1279 3992 potestatem
1301 3918 1511 3998 oeqndtbrio,

380 3981 480 4080 deque
494 3999 633 4051 summe
644 3996 839 4060 auctoritatis
849 4000 1048 4081 deleqotioce,
1064 4000 1127 4064 nisi
1139 4006 1175 4066 ut
1187 4005 1298 4068 omnia
1310 4006 1515 4091 populorum

381 4084 640 4154 aerumnasque
652 4076 811 4148 libertates
817 4085 852 4149 in
860 4085 984 4154 Statum
993 4088 1165 4165 confluant,
1177 4094 1446 4174 eoqueuniversa
1458 4096 1517 4159 ab

380 4153 796 4254 sprbeantnrtqu-,umqug
807 4190 846 4237 ex
857 4173 931 4237 imis
942 4174 1017 4243 licet
1029 4174 1198 4254 subselliis,
1209 4179 1259 4244 vel
1271 4181 1441 4247 tantillam
1454 4201 1517 4265 po-

383 4239 490 4341 lrtrcae
505 4245 669 4342 potestatis
684 4261 808 4333 partem
821 4261 1026 4343 arripuerint,
1040 4281 1073 4328 se
1085 4265 1324 4352 omnipotentes
1341 4269 1513 4346 iactitant,

381 4341 465 4392 ⁰¹V0⁵
481 4325 600 4408 ledlbus
614 4349 773 4436 coercent,
795 4348 990 4428 privatorum
1007 4350 1168 4419 libertates
1183 4371 1221 4419 ac
1235 4355 1307 4422 iura
1323 4357 1360 4424 in
1376 4377 1413 4424 se
1425 4361 1517 4442 ipsos

381 4417 611 4515 convertentes:
634 4420 779 4494 liberales
791 4439 960 4515 propterea
978 4437 1120 4517 dicendi,
1140 4441 1168 4506 si
1183 4443 1268 4508 aeris
1283 4450 1317 4510 et
1332 4446 1419 4512 lucis
1435 4448 1518 4513 libe-

382 4516 450 4564 ram
465 4502 591 4582 populis
604 4521 729 4579 usuram
753 4518 945 4606 relinquant.
964 4523 1036 4600 llic,
1055 4528 1110 4610 qni
1126 4547 1184 4610 pm
1201 4532 1352 4615 populari
1378 4537 1518 4601 effertur
