3222 5282
565 303 748 356 rimarer.
1131 286 1172 361 tt

100 445 313 524 auctoritatis,
323 464 404 532 quae
414 446 493 514 adeo
506 447 618 517 ieviter
629 452 677 519 rel
688 451 875 536 insipienter
886 449 969 534 leges
980 452 1100 535 legibus
1111 475 1237 540 sumu,

100 537 201 602 labat.
219 537 313 617 Quod
327 537 386 602 bac
402 542 506 603 aetate
521 540 710 620 praesertim
721 541 870 622 contigit,
884 558 945 624 qua
959 540 1102 625 imperiti
1117 544 1220 624 bomi-

98 645 154 691 nes
169 645 211 692 ex
228 627 326 692 trivio
343 627 532 697 vetoumina
548 633 680 711 repente
703 629 897 711 legislatores
919 629 1006 707 iacti,
1024 633 1157 714 prolatis
1172 637 1220 701 vel

98 715 228 798 seriptis
244 714 385 797 apicibus
397 733 431 780 se
442 715 594 783 mundum
606 723 813 784 renovaturos
826 717 973 783 arbitrati
984 725 1068 795 sunt,
1080 724 1221 788 nescien-
1314 747 1316 754 ·

101 811 149 869 tes
164 803 318 882 etiamin
333 821 369 868 re
383 804 517 870 honesta
540 806 690 871 serendos
712 823 917 882 essemores,
928 807 1049 872 deinde
1072 809 1217 893 leges.·l.

101 893 271 976 Nunquam
287 893 391 956 maior
405 893 701 970 fundamentalium
719 900 756 960 ut
766 895 868 970 aiunt,
881 913 1051 976 regnomm
1067 902 1221 966 constitu·

101 981 226 1047 tionum
243 981 477 1062 multiplicitas,
495 983 653 1064 lragilitas
666 989 701 1049 et
715 1001 813 1060 casus;
831 1001 889 1048 nec
904 984 1007 1049 maior
1022 1003 1159 1072 unquam
1171 1009 1221 1056 re-

100 1088 238 1150 gnomm
255 1070 394 1136 simulet
411 1071 601 1152 pop'ulcmm
612 1071 787 1148 fluctuatio,
797 1073 966 1137 infirmitas
978 1089 1013 1140 ae
1025 1075 1126 1143 dolor.
1141 1077 1219 1144 Cum

100 1176 199 1240 mgna
215 1163 388 1241 caeperunt
409 1159 473 1224 di'ci
489 1161 669 1236 mustituto,
687 1167 762 1226 tunc
777 1163 863 1228 iacto
885 1161 1036 1228 dissoluta
1051 1170 1135 1232 sunt.
1157 1166 1220 1234 Cur

100 1265 189 1322 vero,
208 1247 270 1312 nisi
285 1249 359 1332 quia
375 1264 393 1311 a
409 1251 521 1314 natura
535 1251 745 1327 recusarunt?
756 1252 805 1317 lta
819 1263 954 1332 namque
970 1252 1077 1316 omnia
1092 1257 1219 1322 condita

99 1340 189 1408 sunt,
206 1340 242 1402 ut
257 1352 416 1420 nunquam
431 1338 539 1403 vexari
554 1339 712 1413 desinant,
726 1340 827 1405 donec
845 1339 885 1403 ad
896 1343 1041 1404 naturam
1058 1349 1219 1409 revertan-

100 1429 166 1488 tur.
180 1425 289 1490 Porro
297 1425 449 1500 bominis,
465 1427 593 1512 eiusque
608 1427 771 1493 societatis
787 1433 897 1492 natura
909 1445 946 1491 ea
958 1432 1018 1502 est,
1029 1434 1077 1504 ut,
1092 1431 1217 1506 reiectis

100 1512 269 1578 bominum
289 1513 461 1596 tigmentis,
479 1516 519 1580 ad
534 1521 688 1600 aeternae
704 1516 872 1600 aequitatis
887 1516 1046 1581 rationem
1062 1517 1155 1598 plene
1169 1521 1219 1584 in-

99 1603 271 1692 scitantur,
281 1607 318 1667 ut
331 1621 401 1668 suas
416 1603 515 1668 libere
530 1611 639 1671 exerat
653 1605 829 1679 facultates,
847 1604 972 1688 suisque
987 1605 1106 1672 iuribus
1121 1611 1154 1674 et
1170 1609 1219 1673 oi-

100 1691 185 1756 lieiis
198 1691 323 1757 sincere
337 1709 374 1757 ac
388 1691 489 1758 libere
504 1693 650 1771 laetetur,
668 1699 701 1760 et
717 1691 882 1778 quiescat<
902 1696 925 1776 ).

181 1850 221 1926 (o)
238 1851 447 1912 condendarum
460 1854 552 1928 leguar
566 1854 756 1928 inexplebilem
770 1855 957 1928 cupiditatem,
967 1855 1016 1913 toti
1026 1855 1082 1914 iere
1092 1856 1219 1930 Europae
1245 1887 1247 1892 v

103 1927 256 2000 pbilosopbi
269 1929 307 1986 illi
320 1929 502 2003 ingesserant,
516 1947 634 2004 querum
648 1932 674 1988 in
686 1940 833 2003 conspectu
848 1930 997 2002 scripserat
1011 1931 1166 1990 iriderteas
1180 1935 1215 1992 ll:

105 2026 116 2054 1
134 2001 247 2061 Nullam
262 2005 391 2062 maiorem
402 2013 508 2076 pestem
522 2007 666 2078 provinciis
679 2009 799 2078 immitti,
809 2023 892 2080 quam
903 2005 1086 2078 gubernantes
1097 2009 1218 2079 pbiloso-

100 2079 183 2150 pbos.
204 2101 215 2130 n
235 2080 405 2154 (malopem
417 2081 468 2138 des
480 2087 572 2142 morte
585 2081 734 2156 variaret
744 2082 779 2138 de
790 2083 923 2152 Praese).
935 2081 1048 2153 Signum
1059 2084 1216 2142 1111111101-

100 2155 211 2211 tbariua
225 2155 261 2224 ll,
276 2171 345 2214 anno
359 2155 441 2230 1767,
453 2156 639 2229 quaelolterii
651 2157 746 2215 divinis
760 2157 965 2229 peue'iaudibus
980 2157 1152 2215 efferebatur.
1163 2161 1216 2216 lio·

100 2231 221 2286 russiani
235 2231 336 2288 codicis
356 2239 528 2304 prospectus,
543 2233 701 2291 catharinae
711 2234 843 2306 tributus,
859 2235 905 2305 qui
919 2240 1010 2289 tamen
1025 2233 1134 2290 Parisiis
1148 2251 1215 2291 eon-

100 2308 222 2376 scriptus
237 2307 388 2379 videbatur,-
402 2308 598 2379 Rousseavipm
619 2310 699 2380 sapit.
714 2310 780 2366 Tam
799 2308 902 2365 multas
915 2309 1045 2367 etruriae
1057 2309 1213 2367 Bnrrussiae

100 2388 212 2454 gentes,
228 2383 308 2440 unica
320 2383 410 2456 legum
422 2385 507 2440 brma
517 2383 694 2456 compellere,
707 2383 852 2442 ridicadum
861 2383 1011 2456 rideretur,
1019 2383 1071 2440 bisi
1082 2385 1107 2440 in
1118 2391 1215 2456 aperto

100 2463 176 2530 esset
191 2457 414 2528 pbilosophorum
427 2457 508 2516 ardor
521 2467 550 2514 et
562 2461 761 2530 perseverantia
775 2461 802 2516 in
817 2460 924 2532 populis
939 2474 990 2515 non
1006 2465 1060 2516 tam
1075 2461 1212 2532 regendis,

100 2547 184 2603 quarn
199 2533 256 2588 suis
268 2533 374 2605 legibus
388 2533 572 2591 conterendis.
587 2534 727 2592 Generalis
740 2537 860 2608 comitia,
876 2550 905 2590 re
919 2532 1025 2607 inlecta,
1038 2537 1115 2607 quasi
1128 2537 1213 2592 turris

100 2608 238 2676 Babelica,
255 2610 377 2681 sequenti
391 2625 463 2666 anno
476 2609 703 2667 dissolvebantur.
715 2609 845 2667 Eamdem
859 2609 1061 2682 ingrediebatur
1074 2611 1142 2666 viam
1153 2611 1213 2668 Fri·

98 2682 210 2740 dericus
226 2683 261 2738 ll:
274 2687 433 2756 prussiauus
443 2690 534 2741 tamen
546 2684 644 2754 codex,
654 2685 757 2755 forsan,
773 2685 816 2741 illo
829 2686 930 2742 invisis
941 2691 1048 2759 agente,
1060 2685 1148 2741 lucem
1160 2703 1212 2742 non

98 2761 324 2830 aspexissettct.
333 2763 450 2831 1111111,
459 2763 687 2818 distauroaiorre
696 2759 776 2816 detta
788 2765 905 2818 sciense
912 2761 1046 2835 politico,
1055 2767 1076 2816 t.
1088 2761 1109 2833 1,
1119 2762 1213 2834 avil,

99 2835 138 2905 dt.
154 2835 222 2892 lnde
237 2833 313 2908 leges
327 2836 494 2907 losepbiuae,
509 2835 692 2907 Leopoldinae
705 2842 733 2892 et
745 2835 857 2908 gallicae
872 2837 1064 2908 sequebantur.
1104 2863 1122 2901 ρ

176 2910 292 2967 Codices
311 2927 364 2968 non
379 2911 574 2985 improbamus,
591 2911 739 2968 ‚laudamus
752 2913 893 2969 Caesarem
912 2912 985 2984 quod
1002 2932 1013 2962 n
1030 2912 1075 2966 lus
1089 2909 1166 2968 civile
1179 2911 1214 2968 ad

97 2991 210 3042 certum
224 2986 335 3043 modum
350 2987 484 3060 redigere,
500 2993 581 3059 atque
592 3002 625 3042 111
637 2989 780 3058 immensa,
795 2985 947 3059 diffusaque
960 2986 1051 3058 legum
1063 2988 1150 3058 copia,
1162 3003 1216 3060 op·

94 3065 175 3118 tima
190 3077 322 3133 quaeque
334 3067 361 3118 et
373 3065 543 3119 necessario
557 3061 583 3118 in
598 3063 770 3132 parcissimos
790 3061 914 3118 conlerre
935 3061 1018 3118 libros
1034 3084 1046 3112 1
1063 3060 1215 3117 1111111111-

95 3142 223 3192 creverat
238 3137 327 3208 18111.
342 3140 374 3194 tn
389 3137 487 3209 Caes,
499 3137 557 3210 lli.
567 3137 620 3194 Sed
630 3137 740 3194 modum
751 3137 1057 3207 improbamusNatura
1067 3136 1214 3192 1111111111-

96 3211 174 3286 plen,
190 3211 301 3268 codices
315 3211 528 3284 implicatissimi.
543 3215 613 3282 Quot
622 3227 656 3269 en
669 3229 724 3269 una
738 3211 808 3268 mala
822 3213 986 3280 delinitione,
999 3212 1084 3282 iurgia
1098 3217 1125 3266 et
1136 3211 1213 3266 lites?

95 3289 203 3344 Natura
217 3286 373 3357 expellitun
395 3289 510 3346 societas
524 3289 558 3348 ad
570 3282 779 3360 legumlatorem
794 3295 880 3344 artem
902 3287 1087 3344 constituitur.
1102 3287 1169 3342 ilinc
1185 3287 1211 3342 in

96 3363 210 3420 codices
226 3361 486 3434 sapientissimorum
506 3364 668 3436 quaerelae:
685 3378 754 3437 quas
774 3365 874 3420 aeriter
887 3364 914 3420 in
930 3363 1047 3418 medium
1067 3360 1160 3418 attulit
1173 3363 1212 3417 lin

96 3440 219 3494 Sarrana
240 3439 266 3492 iu
279 3437 470 3496 dissertatione
487 3443 528 3495 De
540 3438 654 3496 saeculi
672 3439 761 3496 battus
774 3442 926 3496 vocatione
937 3437 1035 3510 quoad
1048 3435 1212 3511 legislatio-

97 3529 165 3570 nem
179 3519 210 3571 et
223 3513 501 3586 turtsprodenttam.
520 3515 555 3570 lis
568 3513 735 3588 scantentes
748 3515 805 3570 visa
819 3523 872 3570 est:
891 3537 902 3566 a
922 3514 1050 3570 scientiae
1065 3529 1151 3585 mors,
1167 3514 1211 3568 in·
1239 3523 1242 3528 '

97 3589 169 3660 genii
184 3590 376 3662 ostracismus,
392 3605 497 3647 morum
512 3589 688 3647 rationalium
702 3591 849 3661 excidium,
864 3590 1008 3660 repudium
1023 3588 1210 3659 traditionum,

99 3665 234 3722 libertatis
248 3667 406 3736 oppressio,
416 3665 558 3736 captivitas
573 3666 691 3722 iustitiae
706 3674 787 3738 atque
801 3667 982 3730 humanitatis.
1002 3685 1013 3714 o
1221 3729 1224 3737 .

174 3742 236 3798 Sint
250 3739 319 3798 baec
331 3755 365 3795 ex
378 3740 503 3798 codicum
517 3742 598 3798 vitiis:
610 3740 658 3798 sed
673 3742 734 3799 riba
745 3742 865 3797 existunt
876 3742 901 3796 iu
912 3757 945 3797 re
953 3746 980 3796 et
991 3743 1025 3795 in
1031 3739 1147 3814 formo.
1158 3737 1212 3794 Co·

99 3813 173 3872 diaes
193 3817 267 3872 enim
281 3831 336 3872 uon
351 3823 494 3872 rarosunt
513 3818 579 3873 iuris
593 3817 724 3877 naturalis
737 3822 765 3873 et
779 3815 858 3873 divini
879 3814 1022 3890 repudium
1042 3822 1122 3886 atque
1136 3815 1210 3868 exci-

99 3893 186 3964 dium,
202 3893 248 3946 eui
262 3907 316 3948 non
330 3891 407 3947 aliud
424 3905 552 3964 reponas,
567 3891 629 3948 nisi:
645 3890 786 3964 legislator
799 3893 877 3949 dixit.
891 3890 984 3961 Quoad
1006 3889 1119 3946 lormam
1134 3905 1210 3960 vero,

100 3969 167 4024 liunt
181 3966 341 4023 mbularum
354 3975 382 4024 et
396 3967 559 4039 litigantium
574 3969 724 4040 emporium
736 3975 763 4024 et
773 3968 889 4024 ellicina.
906 3966 1021 4024 Aielrant
1033 3964 1108 4037 olim,
1121 3979 1213 4020 roma-

101 4041 534 4117 111111111111111111111111111
548 4043 730 4100 instrumenta
744 4044 854 4100 codices
868 4044 1002 4101 extitisse:
1017 4041 1214 4096 1111111111

101 4117 305 4191 philosophicae
320 4117 469 4192 tyrannidis
483 4119 673 4190 instrumenta,
689 4126 797 4176 avertat
807 4119 889 4174 Deus.

175 4193 319 4263 aptiorem
333 4193 443 4264 optimis
456 4192 605 4251 condendis
620 4193 726 4266 legibus
739 4195 853 4251 lormam
867 4207 927 4251 esse
942 4193 968 4249 in
983 4189 1140 4247 monarchia
1154 4189 1212 4245 ani·

101 4267 249 4324 111111οηί1
267 4269 443 4342 Romagnosi.
459 4269 523 4343 Sed,
540 4283 729 4343 quaecumque
744 4267 777 4326 sit
791 4269 929 4342 regiminis
948 4269 1047 4339 lorma,
1060 4279 1109 4321 nos
1124 4266 1149 4321 id
1164 4279 1213 4320 vo·

101 4343 191 4400 lamus
213 4358 278 4400 cum
290 4344 421 4410 dicamne
438 4367 449 4397 a
466 4352 508 4417 ut,
524 4346 651 4418 quoniam
671 4345 797 4402 vitiorum
816 4343 1029 4402 emendatricem
1049 4341 1137 4412 legem
1150 4354 1212 4396 esse
1239 4395 1243 4400 .

100 4426 222 4492 oportet,
236 4419 549 4494 commendatricemque
560 4421 701 4494 virtutum,
716 4420 793 4478 abea
804 4419 908 4478 vivendi
919 4418 1044 4477 doctrina
1054 4415 1182 4472 ducatur.
1197 4437 1208 4465 1
1239 4485 1241 4489 .

101 4495 169 4564 (Cic.
185 4499 232 4552 De
245 4498 314 4568 Lep.
334 4495 357 4570 l,
369 4495 428 4569 211.
440 4497 576 4570 lamiam,
587 4501 619 4554 ut
632 4497 747 4553 crimina
760 4497 923 4570 quandoque
937 4496 1123 4571 coerceantur,
1137 4490 1212 4562 leges

102 4569 251 4706 adoqgiqut
263 4570 435 4701 popqlorum3
448 4577 479 4630 ut
489 4577 580 4632 autem
591 4587 607 4630 a
618 4571 722 4633 civibus
732 4573 845 4630 virtutes
857 4569 1027 4641 excolantur,
1038 4567 1083 4696 qbi
1093 4564 1133 4622 vel
1145 4581 1212 4638 quo·

103 4661 127 4702 m
165 4659 210 4703 oe
245 4648 320 4703 ciunt
