3224 5282
142 685 190 758 m,
210 688 251 742 ιι,

437 361 501 426 132
872 373 969 426 arara
982 375 1018 424 ιι.

387 525 539 608 quoniam
554 524 609 589 ille
624 526 764 590 animam
780 541 871 590 sunm
885 517 1004 610 (υἰιαιιι)
1017 540 1076 606 pro
1091 522 1183 588 nobis
1197 525 1314 608 posuit:
1332 528 1365 593 et
1380 543 1440 592 nos
1453 527 1507 593 de·

158 607 181 676 al
191 609 266 682 ΕΡ·Ι
279 609 365 683 lona,
388 615 496 680 bemus
512 632 571 697 pro
586 612 738 678 iratribus
752 614 874 679 animas
888 630 1007 696 ponere
1024 609 1066 698 l).
1086 635 1104 676 »

477 703 570 769 Xlll.
588 700 673 782 Quid
688 704 727 769 ad
742 703 820 768 baec
842 701 1050 767 humanitatis
1071 700 1176 767 officia
1191 705 1225 768 et
1238 703 1397 783 exempla,
1414 703 1508 771 Com-

387 795 599 858 munistarum
616 790 717 867 luror,
735 791 848 856 alienis
861 791 972 874 opibus
987 794 1020 855 et
1035 785 1119 856 vitae
1133 790 1343 857 minantium?
1357 792 1418 860 Sed
1439 795 1508 859 ubi·

388 900 462 947 nam
478 879 714 946 actuosissimae
728 880 822 945 buius
844 877 1010 944 charitatis
1025 879 1158 960 vestigia
1181 879 1262 962 apud
1277 880 1508 950 Protestantesl

379 969 493 1044 ¹(terte,
510 987 583 1034 cum
599 968 675 1034 adai
685 959 861 1044 marilleio,
878 968 961 1052 apud
975 967 1062 1048 ipsos
1076 967 1261 1035 deiecerunt
1274 968 1442 1036 eharitatis
1458 989 1507 1037 sa·

385 1060 518 1125 crificia.
536 1059 622 1124 Haeo
637 1062 744 1124 autem
759 1059 841 1141 apud
851 1056 1028 1122 catholicos
1042 1056 1158 1122 dorent
1169 1059 1204 1121 in
1219 1057 1260 1121 iis
1272 1056 1458 1136 fortissimis
1469 1080 1506 1126 u-

385 1148 527 1232 triusque
542 1165 633 1216 sexus
647 1147 805 1220 fidelibus,
819 1146 875 1229 qui
890 1147 925 1210 in
936 1145 1051 1210 humili
1063 1148 1262 1227 paupertate,
1279 1164 1338 1228 pro
1353 1147 1504 1226 infirmis,

384 1237 434 1304 vel
449 1236 631 1302 erudiendis
645 1237 766 1318 pueris,
779 1237 828 1302 vel
840 1235 981 1300 barbaris
992 1235 1031 1300 ad
1042 1234 1137 1300 tidem
1148 1234 1349 1310 adducendis,
1360 1238 1505 1318 quotidie

384 1324 485 1392 vitam
500 1326 697 1408 impendunta
713 1326 831 1410 piique
845 1325 916 1389 inre
930 1323 985 1388 illa
999 1323 1062 1388 sibi
1083 1327 1235 1406 usurpent
1249 1325 1411 1405 apostoli:
1431 1348 1450 1387 ιι
1468 1330 1504 1394 ln

383 1414 486 1480 multa
506 1411 675 1497 patientia,
692 1415 727 1478 in
742 1413 1014 1488 tribulationibus,
1033 1412 1067 1477 in
1086 1412 1337 1489 necessitatibus,
1354 1413 1391 1478 in
1406 1431 1506 1498 angu-

382 1502 466 1577 stiis,
483 1504 517 1566 in
533 1503 703 1579 laboribus,
721 1502 902 1585 invigiliis,
920 1503 954 1567 in
970 1501 1111 1576 ieiuniis;
1128 1502 1163 1565 in
1178 1501 1336 1577 castitate,
1350 1502 1385 1567 in
1401 1504 1506 1570 scien-

383 1593 442 1672 tia,
460 1591 495 1655 in
511 1591 764 1674 longanimitate,
782 1591 1001 1666 insuavitate,
1018 1590 1052 1654 in
1067 1589 1189 1673 Spiritu
1204 1589 1334 1666 Sancto,
1348 1591 1383 1656 in
1398 1592 1505 1659 cbari-

382 1684 449 1746 tate
462 1699 529 1745 non
543 1681 631 1757 licta,
649 1683 684 1747 in
700 1683 795 1748 verbo
807 1681 965 1756 veritatis,
982 1680 1017 1744 in
1029 1679 1236 1756 virtutellei3
1249 1696 1307 1763 per
1321 1679 1461 1762 gloriam
1472 1688 1507 1750 et

380 1769 629 1851 ignobilitatem,
648 1789 704 1853 per
718 1771 885 1836 infamiam
899 1774 933 1837 et
947 1770 1065 1834 bonam
1079 1768 1209 1844 tamam,
1226 1774 1263 1835 ut
1278 1767 1463 1836 seductores
1474 1777 1506 1840 et

153 1863 178 1932 al
192 1864 215 1920 ιι
226 1863 357 1922 Corinth.
382 1876 516 1933 veraces3
540 1875 637 1934 onesi
652 1877 854 1934 acarnanas,
871 1875 914 1923 nr
930 1875 1012 1926 noca
1027 1873 1166 1924 mvruns
1180 1854 1225 1940 2).
1245 1880 1263 1920 s
1279 1858 1365 1924 Haec
1379 1860 1505 1927 scilicet

132 1940 177 2011 vr,
194 1942 256 1996 ιι.

380 1946 547 2012 charitatis
562 1948 726 2023 miracula,
740 1967 781 2013 ex
791 1948 846 2012 illa
857 1948 1031 2029 gignuntur
1041 1947 1227 2028 quotidiana
1238 1946 1504 2016 diviniSucriflcii

379 2035 599 2111 renovatione,
617 2055 713 2118 quam
727 2035 885 2103 Catholici
898 2037 961 2102 tide
976 2038 1010 2100 et
1025 2036 1167 2100 moribus
1183 2039 1306 2101 tenent.

469 2124 560 2191 xlv.
578 2124 613 2191 Si
629 2125 712 2190 mira
726 2125 804 2191 baec
819 2124 988 2206 religiosae
1001 2122 1166 2190 charitatis
1178 2141 1321 2200 munera,
1335 2143 1410 2191 cum
1425 2127 1505 2192 elie-

380 2212 482 2278 etibus
498 2218 722 2295 comparantur
735 2216 783 2280 vel
798 2214 909 2295 legalis
924 2208 1101 2288 charitatis,
1115 2213 1165 2278 vel
1180 2211 1215 2276 in
1226 2232 1301 2298 quos
1312 2213 1366 2280 lex
1379 2215 1501 2292 civilis,

380 2304 435 2365 ant
450 2302 583 2382 politica
599 2302 756 2368 adnititur
770 2302 970 2378 oeconomia3
987 2317 1082 2383 quam
1097 2301 1319 2386 impallescunt
1328 2321 1429 2386 opera
1444 2304 1505 2370 ho—

380 2389 504 2454 minum
519 2391 559 2455 ad
573 2409 669 2473 opera
683 2389 756 2457 Dei!
1399 2461 1402 2464 ,

468 2479 543 2544 XV.
561 2479 647 2558 Quid
661 2480 791 2546 tandem
805 2479 833 2544 si
848 2496 911 2543 una
926 2477 1042 2561 religio
1058 2477 1160 2559 plebis
1173 2496 1278 2544 mores
1292 2479 1431 2546 delinire
1450 2499 1505 2547 ra-

379 2566 455 2641 leat,
473 2569 598 2632 animos
614 2573 721 2633 autem
737 2587 775 2634 ea
789 2571 908 2634 vimute
923 2568 1183 2643 communirent
1198 2574 1430 2650 paupertatem,
1444 2571 1504 2636 do·
1530 2637 1535 2646 ,

379 2656 462 2720 tores
478 2661 572 2740 atque
587 2659 765 2734 aerumnas,
776 2673 856 2741 quaa
868 2656 1025 2738 plurimos
1037 2665 1163 2739 'semper
1173 2657 1342 2734 vexabunt,
1356 2663 1502 2725 mentem

375 2745 410 2807 in
425 2744 528 2809 Deum
539 2745 704 2826 erigendo,
719 2747 836 2812 leviora
849 2745 952 2810 iacere
964 2763 1000 2810 ae
1011 2744 1243 2811 tolerabiliora?
1253 2746 1357 2827 Igitur
1372 2747 1502 2830 legisla-

375 2839 461 2898 tores
475 2838 509 2898 et
524 2831 774 2910 Communistae,
790 2835 950 2899 iustitiam
963 2839 996 2899 et
1010 2833 1198 2900 societatem
1209 2851 1273 2900 non
1288 2841 1447 2916 evenant,
1462 2840 1499 2902 ut

375 2922 751 3004 pauperibusecnsnlant;
761 2923 992 3006 proprietatem
1002 2923 1230 2988 etcommercia
1239 2925 1495 3003 nonexturbent,

375 3010 622 3076 miserabiliores
637 3011 782 3087 extituri;
796 3029 861 3076 non
874 3011 909 3074 in
920 3028 1043 3076 summo
1059 3011 1188 3075 demum
1198 3011 1379 3089 latrocinio,
1394 3014 1497 3078 sedin

373 3099 461 3165 civili
473 3099 654 3182 disciplina,
664 3100 698 3164 in
711 3099 830 3164 laboris
842 3099 1034 3181 frequentia,
1048 3098 1083 3162 in
1095 3117 1219 3165 momm
1234 3101 1450 3177 observantia,
1462 3109 1497 3168 et

373 3190 512 3254 maxime
527 3190 560 3253 in
577 3188 752 3255 catholicae
767 3188 932 3270 religionis
946 3189 1045 3264 cultu,
1058 3206 1139 3272 quae
1150 3189 1264 3255 ultima
1275 3189 1370 3268 salus,
1389 3208 1497 3256 reme-

373 3279 425 3342 dia
440 3296 476 3343 ac
493 3278 649 3346 levamina
665 3278 712 3343 rei
730 3277 875 3362 publicae
890 3277 1092 3361 conquirant.
