3222 5282
568 311 701 362 rrrutos
718 315 752 362 u.
989 276 992 281 ”
1130 295 1171 360 19

96 458 217 541 gisem,
231 457 360 539 eiusque
374 469 446 522 eum
462 457 529 524 Deo
544 460 765 539 cognationem
783 459 909 525 tradere
925 458 1006 523 visus
1023 463 1082 524 est.
1100 459 1215 539 «Quid

96 551 144 612 est
161 551 279 622 auum,
293 545 410 628 inquit,
429 563 493 612 non
509 546 612 612 dicam
628 547 660 612 in
676 547 892 634 bominesed
908 549 941 612 in
959 545 1048 612 omni
1065 547 1151 612 caelo
1167 554 1214 614 at-

94 641 270 718 pestana,
290 637 416 700 ratione
434 635 594 702 divinius?
609 636 697 716 Quse
713 654 785 701 eum
799 637 945 710 adolevit,
963 641 1057 720 alque
1076 637 1215 716 periecta

94 731 157 799 est,
176 725 361 789 nominatur
375 723 437 788 rite
452 722 620 805 sapientia.
639 728 695 792 Est
710 725 806 808 igitur
821 725 994 811 (quoniam
1005 724 1216 791 nibil-estra-

95 813 188 878 tione
200 813 325 888 melias,
342 829 441 894 eaque
456 821 500 878 est
513 813 550 877 iu
564 813 687 880 minine
703 824 730 879 el
745 816 781 880 in
795 813 871 903 Deo)
888 814 992 898 prima
1007 812 1131 879 bomini
1142 832 1214 880 cum

94 902 164 968 beo
179 901 325 967 societas.
342 903 431 968 Inter
444 917 522 984 quos
544 908 649 968 autem
665 905 762 978 ratio,
780 905 865 970 inter
880 904 1006 968 eosdem
1029 904 1213 968 recinentia

94 992 277 1057 communis
291 996 352 1057 est.
370 991 458 1070 Quae
473 1009 545 1055 oum
560 993 602 1057 sit
613 994 674 1066 lex,
688 992 750 1078 lege
761 1011 883 1076 eumue
894 992 1063 1059 ceneclan
1076 992 1215 1058 domimo

94 1099 170 1145 cum
180 1079 252 1145 Diis
266 1081 402 1161 putandi
416 1098 538 1144 sumus.
555 1082 645 1150 Inter
660 1099 739 1166 quos
752 1087 912 1166 pertaesi
926 1079 1109 1148 communio
1124 1080 1213 1164 legis.

94 1169 183 1236 inter
198 1187 253 1236 eos
268 1170 448 1238 communio
464 1169 548 1234 iuris
563 1179 619 1236 est.
637 1171 758 1250 Quibus
773 1174 879 1237 autem
890 1171 968 1238 baec
981 1174 1055 1236 sunt
1065 1169 1150 1236 inter
1164 1188 1217 1235 eos

93 1257 293 1334 communia,
306 1261 340 1322 et
355 1258 490 1325 civitatis
505 1258 642 1324 eiusdem
655 1259 786 1326 amendi
800 1270 886 1324 snut.
899 1260 933 1328 si
945 1277 1019 1326 vero
1031 1257 1145 1324 iisdem
1157 1259 1218 1324 im·
1236 1270 1239 1282 ·

40 1358 43 1362 ’
94 1346 199 1430 pariis
209 1351 244 1412 et
255 1347 463 1430 potestatibus
473 1345 599 1432 parent,
609 1349 711 1416 multo
722 1349 820 1415 etiam
829 1349 929 1432 magis
939 1354 1052 1432 parent
1063 1347 1138 1413 baie
1149 1365 1219 1414 cae-

95 1437 169 1502 lesli
183 1435 397 1516 descriptioni,
422 1437 579 1519 mentique
593 1438 719 1505 divinae
741 1443 775 1504 et
789 1437 990 1522 praepotenti
1005 1437 1085 1502 Deo:
1103 1440 1140 1501 ut
1154 1437 1218 1502 iam

95 1525 265 1592 universus
279 1525 333 1590 hic
348 1525 495 1597 mundus.
513 1543 581 1591 uua
595 1527 705 1592 cioilcn
721 1528 895 1592 communis
906 1526 1044 1592 Deorum
1056 1529 1150 1606 alque
1160 1526 1219 1591 bo·

96 1614 223 1678 minum
236 1613 460 1679 existimanda.
480 1613 522 1680 Et
536 1616 620 1697 quod
636 1615 670 1679 in
686 1615 880 1690 civitatibus,
895 1614 1115 1697 agnationibus
1127 1614 1220 1678 iami-

97 1703 217 1768 liarum
231 1703 469 1786 distinguuntur
479 1707 591 1777 emtus,
601 1703 636 1768 id
647 1704 680 1768 in
692 1721 800 1770 rerum
812 1710 925 1770 natura
936 1706 1026 1769 tanto
1037 1707 1086 1768 est
1097 1703 1220 1784 magni-

96 1792 262 1867 ficentius,
279 1795 430 1873 tantoque
445 1793 636 1874 praeclatius
651 1801 687 1857 nt
699 1793 840 1858 domines
855 1791 996 1856 benum
1011 1791 1177 1875 aquatione
1192 1801 1220 1856 et

97 1888 189 1964 pente
205 1888 413 1946 teneantur...
430 1881 488 1946 Est
503 1881 604 1962 igitur
625 1881 745 1946 basuini
759 1899 831 1954 men
847 1879 913 1946 Deo
928 1879 1110 1945 similitudo.
1128 1878 1220 1958 Quod

94 1987 172 2039 cum
181 1969 235 2122 1ita
249 1971 293 2036 sit
307 1987 388 2052 quae
403 1969 531 2034 tandem
554 1975 660 2054 potest
680 1987 748 2035 esse
763 1969 909 2053 propior,
935 1967 1090 2035 certiorne
1104 1985 1221 2051 cogna-

95 2058 163 2125 tio?
201 2068 262 2140 i».
1282 2071 1305 2138 li
1325 2070 1420 2126 DeLe
1443 2110 1462 2139 .,

165 2147 386 2218 Kilbilonne
397 2145 474 2212 haee
484 2147 663 2229 perlegens,
676 2146 736 2212 sibi
749 2147 925 2229 gratulatur
935 2152 968 2212 et
977 2145 1099 2212 exultat
1110 2146 1221 2212 huma·
1239 2145 1262 2218 Ι,
1281 2143 1307 2213 7,
1323 2146 1350 2200 8·
1421 2083 1439 2142 ⁹

95 2253 139 2301 na
156 2237 262 2300 mensi
275 2235 395 2302 Eadem
410 2237 494 2302 ratio
508 2237 542 2301 in
557 2236 689 2304 bomine
704 2240 800 2319 atque
814 2237 848 2300 in
864 2235 943 2311 Deo,
959 2239 1059 2311 recta,
1076 2251 1218 2300 commu-

94 2324 247 2407 nis3-‚ipsa
262 2341 334 2389 oum
349 2325 416 2390 Deo
436 2325 611 2392 consociati
625 2343 745 2400 sumus;
762 2325 832 2407 ipsa
847 2328 896 2390 est
911 2325 961 2390 lex
976 2328 1070 2406 atque
1084 2323 1148 2398 ius:
1161 2341 1218 2406 per

95 2414 202 2496 ipsam
217 2415 252 2478 in
268 2430 331 2478 una
345 2414 434 2496 quasi
449 2414 581 2492 civitate
595 2413 740 2482 homines
750 2431 822 2480 oum
833 2413 900 2478 Deo
913 2411 1161 2478 constituuntur.
1175 2413 1217 2478 Et

94 2505 124 2569 si
133 2503 416 2585 imperiis,quanto
424 2503 707 2588 magisparendum
714 2501 899 2572 caelestiiili
907 2500 1219 2584 descriptioni,men-

96 2592 188 2675 tique
199 2591 342 2657 divinae?
349 2591 392 2658 Ei
402 2592 430 2656 si
444 2593 798 2675 gloriosaeagnationes
809 2592 843 2656 in
854 2590 1049 2671 civitatibus,
1063 2589 1138 2672 quid
1149 2591 1219 2670 gio-

95 2679 216 2747 riosius
227 2697 322 2762 quam
333 2698 444 2772 omnes
457 2681 603 2747 homines
614 2681 718 2748 teneri
729 2680 913 2762 agnatione,
926 2683 1032 2762 gente,
1046 2683 1141 2761 atque
1152 2679 1219 2762 ipsa

96 2770 229 2854 penitus
244 2769 455 2836 similitudine
469 2770 633 2856 Deorum?
655 2770 716 2838 sei
731 2769 821 2835 auter
836 2769 994 2852 ingenitas
1009 2767 1167 2842 notiones,
1185 2773 1218 2833 et

96 2877 164 2924 uno
181 2859 249 2924 ictu
264 2859 444 2928 communis
457 2853 513 2925 iila
528 2860 626 2935 ratio,
644 2859 707 2934 lex,
724 2858 785 2935 ius,
803 2858 909 2924 divina
921 2857 1049 2940 agnatio
1061 2873 1097 2922 ao
1108 2854 1221 2921 simili·

98 2949 179 3014 tudo
189 2947 284 3012 simul
297 2948 585 3016 evanescentium
593 2953 699 3014 autem
708 2947 1061 3030 inmagniiicentissima
1069 2945 1147 3010 adeo
1156 2963 1220 3009 non
1237 2986 1240 3008 .

98 3041 168 3102 mm
183 3036 331 3102 oratione
352 3055 447 3118 quam
460 3037 585 3121 pictura
595 3038 740 3121 primum
763 3037 901 3111 videtur,
918 3035 1003 3117 qaod
1025 3035 1100 3098 dum
1115 3037 1221 3099 creata

99 3126 212 3190 omnia
236 3125 342 3192 divina
358 3125 427 3209 lege
442 3132 609 3210 reguntur,
626 3126 723 3192 homo
745 3126 843 3200 solus,
861 3141 919 3208 per
934 3123 1114 3201 rationem,⁴
1124 3122 1221 3205 ipsius

98 3214 231 3282 divinae
245 3214 324 3296 legis
340 3231 377 3279 ae
391 3217 509 3281 mentis
522 3216 680 3299 particeps
695 3215 850 3281 efficiatur
861 3211 905 3296 2).
1279 3208 1312 3284 ²)
1336 3209 1375 3266 Cf·
1397 3213 1426 3267 S·

169 3302 262 3370 x1v.
276 3303 311 3372 Si
323 3321 373 3368 res
387 3307 477 3370 lanta
488 3321 525 3370 ac
537 3303 755 3372 tamsublimis
770 3308 818 3368 est
832 3301 916 3368 ratio
932 3299 1001 3382 ipsa
1012 3298 1162 3375 humana,
1181 3298 1221 3363 ob
1240 3287 1336 3345 ibon.
1352 3286 1374 3358 ¹2
1388 3286 1422 3359 Η,
1435 3301 1464 3358 i·

99 3391 216 3458 bansta
228 3409 247 3457 a
257 3391 384 3458 ratione
399 3398 528 3484 aeterna
539 3393 713 3460 veritatum
722 3391 855 3468 lumina;
872 3389 948 3474 quid
962 3387 1026 3454 iliis
1041 3388 1223 3454 notionibus
1243 3365 1290 3437 ⁹¹³
1305 3377 1330 3420 ⁸·
1348 3365 1375 3419 ²·

100 3481 320 3558 contineatur,
338 3477 507 3547 videndum
522 3487 583 3550 est.
599 3483 670 3548 Duo
685 3485 793 3547 autem
804 3497 912 3546 rerum
926 3495 1042 3560 genera
1057 3477 1224 3543 continen-

100 3575 169 3638 tur.
187 3571 309 3647 Primo,
323 3568 485 3655 principia
507 3589 616 3638 rerum
629 3571 773 3636 omnium
795 3567 1048 3652 intelligibilium:
1066 3586 1083 3628 a
1101 3567 1222 3634 Natura

101 3660 205 3738 enim,
219 3660 267 3726 ait
277 3659 407 3735 Tullius,
418 3661 566 3726 obscuras
576 3665 610 3728 et
621 3657 810 3726 necessarias
820 3655 1049 3738 intelligentias
1061 3655 1221 3732 enudavit,

103 3749 196 3832 quasi
211 3750 422 3833 [umanum
443 3749 590 3815 scientiae
606 3746 650 3833 3).
672 3772 689 3812 e
710 3746 802 3815 Unde
818 3765 836 3812 a
852 3745 970 3814 Stoicis
993 3743 1152 3826 principia
1167 3744 1223 3808 iila
1282 3740 1309 3812 il
1326 3742 1367 3796 ⁰⁶
1387 3739 1468 3810 Lien
1501 3817 1502 3820 Ἴ

102 3839 326 3914 scientiarum,
344 3838 489 3921 gentibus
503 3837 697 3911 communia,
712 3836 884 3918 prolapsos,
902 3833 964 3899 hoc
978 3839 1026 3899 est
1039 3831 1226 3898 fundamen·
1245 3817 1266 3890 ¹2
1280 3817 1308 3871 9·

102 3928 185 3992 tales
201 3928 435 4009 assumptiones
457 3928 670 4010 appellanturs
689 3929 736 3992 vei
752 3927 828 3990 dala
850 3923 1030 3997 evidentia,¹
1046 3921 1157 4004 ¹quibus
1172 3921 1226 3987 de·

102 4015 364 4090 monstrationes,
377 4016 645 4099 scientiarumque
659 4032 843 4099 progressus
856 4013 1048 4080 innitantur.
1062 4010 1227 4076 Amathe·
1269 4075 1281 4110 ι

102 4105 233 4172 maticis
257 4123 331 4172 vero
348 4106 514 4172 emanata
536 4107 722 4180 dictasunt,
739 4121 819 4188 quae
834 4102 921 4192 nulla
937 4101 1081 4183 indigent
1096 4099 1227 4164 demon·

101 4195 277 4269 stratione,
297 4213 393 4278 quum
408 4196 476 4278 ipsa
492 4213 548 4262 suo
565 4195 685 4262 lumine
697 4194 849 4276 fulgeant,
864 4191 997 4274 aliisque
1011 4192 1229 4255 demonstran·

101 4284 167 4362 dis,
178 4281 407 4370 quasiadmoto
419 4284 553 4362 lumine,
563 4282 914 4358 inserviantsaeundo,
928 4277 1132 4346 continentur
1142 4278 1232 4361 prin-

101 4373 190 4458 cipia
204 4392 315 4440 rerum
331 4374 474 4440 omnium
489 4374 673 4449 moralium,
690 4371 757 4439 sire
772 4372 948 4456 odibilium.-
965 4367 1050 4435 dicta
1064 4372 1229 4452 propterea

102 4464 220 4530 aiulio
230 4463 392 4547 scaligero
404 4465 599 4531 miseniensis
610 4463 743 4541 sentino,
754 4465 802 4528 vei
814 4478 945 4544 eoppae,
960 4458 1050 4541 quasi
1062 4473 1174 4539 nempe
1186 4455 1233 4517 ri-

101 4554 256 4648 rissimae
278 4553 437 4620 scintillae
452 4555 487 4620 in
504 4554 611 4620 anima
627 4553 778 4631 iacentes,
796 4556 829 4618 ot
844 4571 901 4635 pro
923 4545 1166 4632 opportunitate
1181 4559 1233 4622 ve-
