3238 5282
153 1520 201 1593 ιιι,
215 1521 260 1575 rc.

446 301 511 371 ldl
652 393 655 399 ¹
884 321 980 373 arnna
994 320 1030 372 rr.

396 468 439 535 sit
460 465 668 549 deprelreudi;
695 468 819 534 eumad
836 467 1057 535 buiusnutum
1078 465 1317 533 rescindendam
1340 483 1515 533 censemus.

396 557 513 623 Contra
529 559 654 640 quando
665 562 844 623 contractus
855 559 989 624 materia
1004 558 1133 641 ponitur
1148 575 1187 621 ex
1204 574 1264 620 una
1278 561 1398 620 tantum
1412 563 1516 638 parte,

398 651 432 712 ut
446 647 473 710 si
490 652 625 711 mortem
642 646 805 712 minitanti
820 655 949 713 centum
962 647 1160 729 promiseris,
1175 665 1271 727 quum
1288 645 1340 709 laic
1360 645 1443 710 nihil
1462 664 1518 728 po-

399 741 454 800 nat
466 736 500 798 in
514 741 619 817 pacto,
638 754 696 800 uec
710 736 793 802 adsit
809 738 936 802 libertas
952 737 984 800 in
997 736 1221 820 promittente,
1231 753 1288 799 nec
1299 735 1350 798 ius
1365 734 1397 797 in
1411 740 1519 800 extor-

397 829 527 906 quente,
538 843 601 888 nnn
614 825 980 907 perficiturcontruclus‚
991 826 1045 908 qui
1062 831 1109 890 est
1126 824 1226 888 libera
1241 824 1377 888 duorum
1393 824 1443 888 vel
1452 826 1519 907 plu-

398 914 483 978 rium
495 914 528 978 in
543 914 626 978 idem
642 914 795 996 placitum
810 916 1100 995 censensi0.Quare
1115 914 1189 978 lusit
1205 912 1320 978 Caesar
1335 913 1411 976 dum
1428 931 1518 994 prae-

398 1002 533 1067 donibus
546 1004 723 1068 mercedem
739 1004 847 1077 solvit,
865 1022 943 1086 quos
958 1005 1045 1069 cruci
1061 1003 1175 1068 affixit.
1193 1003 1315 1066 luratas
1331 1003 1518 1082 sponsiones

293 1111 296 1118 ⁴
398 1091 583 1173 excipimus:
603 1097 670 1156 tum
684 1094 724 1157 ob
738 1091 887 1160 Numinis
900 1093 1125 1166 reverentiam,
1139 1096 1206 1156 tum
1220 1109 1260 1154 ne
1272 1097 1385 1171 pereat
1401 1090 1464 1154 boc
1484 1092 1518 1154 fi-

398 1181 449 1244 dei
464 1181 622 1245 vinculum
638 1186 671 1246 et
686 1181 848 1247 societatis
863 1182 1116 1254 tundamentum,
1128 1182 1317 1261 ubicumque
1331 1179 1414 1242 nilril
1429 1181 1518 1244 inho

400 1275 522 1334 nestum
540 1270 731 1351 promissum
745 1271 947 1350 lueritouod
962 1270 1218 1353 splendidissimo
1229 1268 1340 1348 Reguli
1354 1271 1514 1350 exemplo,

399 1377 438 1422 ne
450 1359 556 1424 datum
575 1360 669 1423 fidem
682 1359 806 1425 lallaret
824 1361 862 1423 ud
875 1365 994 1424 certam
1010 1365 1147 1424 mortem
1160 1358 1334 1430 redeuntis,
1347 1359 1516 1423 confirmat

175 1443 198 1514 ll
230 1447 271 1499 De
297 1444 375 1519 off„
397 1447 509 1513 Cicero
526 1445 567 1532 l);
585 1456 618 1514 et
632 1449 782 1530 graphice
797 1450 965 1533 descripsit
980 1449 1130 1540 Horatius
1145 1446 1198 1532 (a).

476 1626 515 1699 (a)
531 1626 632 1684 llorret
644 1605 763 1700 animus,
778 1625 852 1684 cadit
866 1641 882 1684 e
896 1625 1019 1684 manibus
1034 1624 1102 1683 liber
1115 1625 1182 1684 baec
1196 1622 1360 1697 legentibus:

576 1777 687 1850 Fertur,
703 1775 817 1848 pudicae
831 1778 954 1852 coniugis
968 1775 1094 1833 osculum

577 1854 731 1926 Parvosque
746 1858 835 1926 natos,
850 1861 881 1911 ut
894 1854 990 1924 capitis
1005 1854 1104 1925 minor,

576 1929 641 1984 bne
657 1930 813 1998 removisse,
830 1936 858 1984 et
871 1929 975 1986 virilem

576 2006 680 2061 Torvus
694 2005 766 2060 bumi
781 2006 905 2076 posuisse
919 2005 1034 2061 vultam.
1050 2004 1148 2077 (Heia,
1163 2000 1210 2058 lib.
1229 2001 1279 2071 lll,
1294 2001 1341 2059 od.
1358 2002 1412 2074 bl„

415 2147 418 2154 ’
479 2155 574 2212 Nescio
590 2162 682 2212 tamen
698 2170 733 2211 an
746 2154 773 2211 in
787 2154 882 2227 Reguli
896 2154 1023 2226 exemplo
1038 2154 1100 2226 plus
1115 2155 1150 2212 sit
1164 2153 1273 2209 virtutis
1287 2168 1369 2225 quarn
1391 2153 1513 2225 rigidita-

399 2232 445 2288 tis.
459 2229 595 2303 Agebatur
605 2234 678 2288 euim
688 2232 803 2288 sortasse
816 2232 851 2288 de
863 2231 1007 2288 auferenda
1021 2232 1098 2289 viciis
1111 2231 1138 2287 in
1149 2231 1319 2286 bellu-omnis
1331 2244 1397 2300 spes
1409 2229 1510 2298 salutis,

399 2316 430 2362 ut
447 2307 481 2363 ad
495 2312 646 2366 extremam
660 2323 747 2380 usque
764 2307 1094 2364 mortemdecertaretur.
1113 2307 1186 2362 llaec
1205 2313 1328 2362 ueterum
1350 2306 1510 2376 populorum

398 2384 534 2454 asperitas
551 2385 680 2439 anostris
695 2382 815 2439 moribus
828 2384 959 2439 exulavit.
974 2384 1136 2456 Utcumque,
1154 2382 1293 2454 magnifice
1308 2380 1341 2435 de
1356 2381 1451 2437 lltlilio
1464 2383 1510 2436 Va·

397 2467 438 2514 tes
452 2460 615 2529 Caesareus,
630 2475 692 2514 cum
706 2460 779 2515 enim
792 2459 907 2516 reditum
922 2458 957 2515 ad
975 2460 1168 2534 Carthaginem
1185 2456 1347 2527 maturanti,
1367 2472 1402 2512 ea
1415 2457 1511 2513 obiice·

399 2541 491 2592 rentur
504 2551 519 2591 a
534 2535 647 2606 Liciaio,
662 2541 718 2592 act.
735 2534 784 2604 ΙΙΙ,
800 2551 877 2591 scen.
894 2535 957 2591 ult:

690 2681 823 2755 A‘perddi
836 2685 962 2757 giurasti:

686 2760 805 2820 Giurasti
820 2762 846 2816 iu
862 2764 952 2836 ceppi,
968 2778 983 2819 e
997 2760 1034 2837 gli
1048 2761 1192 2835 duguri...

473 2915 544 2971 llaec
557 2911 750 2986 niagoanimus
764 2911 925 2985 reponebat:

800 3063 803 3070 '
848 3063 890 3120 ΕΙ]
905 3063 1034 3121 lasciamo

687 3137 829 3196 dll’drabo
843 3140 878 3196 ed
892 3142 915 3196 ul
933 3142 1007 3197 lloro

683 3217 776 3284 Quiesti
790 3213 942 3285 d'inledeltd
957 3216 1070 3287 preteeti
1081 3217 1200 3288 iadegni.

682 3293 765 3349 Romu
780 3289 804 3348 a’
812 3292 917 3348 mortali
931 3309 946 3350 a
960 3293 1056 3350 serbar
1068 3294 1127 3350 lede
1141 3291 1254 3364 insegal.

481 3446 516 3501 lit
532 3459 596 3501 veru
609 3442 730 3515 quidem,
746 3445 909 3500 servandam
924 3441 1084 3500 mortalibus
1098 3451 1179 3517 atque
1195 3441 1396 3500 immortalibus
1412 3443 1500 3512 tidem,

394 3519 540 3592 aliquando
559 3521 641 3575 Ruina
658 3517 798 3574 docuerat.
815 3521 873 3576 lloe
892 3535 926 3576 ex
941 3519 1084 3577 Plutarcho
1104 3518 1255 3576 desumisse
1270 3519 1400 3576 sufficiat.
1419 3521 1503 3587 Quum

396 3597 472 3653 Veios
487 3601 593 3666 peteret
607 3593 749 3665 Camillus,
766 3595 901 3651 decimam
916 3596 1033 3665 praedae
1047 3602 1164 3666 partem,
1187 3597 1208 3650 si
1224 3595 1291 3650 urbe
1305 3596 1455 3666 potiretur,
1470 3597 1503 3650 d·

396 3670 576 3740 pollinivosit.
589 3668 660 3727 Urbe
670 3677 761 3742 capta,
771 3671 824 3727 voti
835 3672 989 3742 immemor,
1001 3672 1155 3740 universam
1166 3670 1297 3742 praedam
1306 3669 1437 3726 militibus
1445 3684 1504 3741 per·

397 3747 478 3802 misit.
494 3745 638 3818 Aliquanto
651 3753 741 3802 autem
760 3752 831 3817 posi,
845 3763 928 3819 quum
944 3749 1073 3820 religione
1088 3749 1257 3818 stimulatus,
1273 3763 1304 3803 ea
1318 3746 1352 3802 de
1368 3746 1446 3802 read
1462 3760 1502 3800 sc·

395 3828 488 3879 notram
499 3822 647 3893 retulisset,
660 3829 689 3877 ut
701 3820 830 3892 praedae,
843 3839 925 3895 quam
936 3825 1048 3896 quisquc
1057 3821 1436 3890 mileslrabuisset,decimam
1445 3835 1501 3893 par·

395 3905 450 3954 tem
465 3899 568 3954 iuratus
583 3901 608 3953 in
624 3897 740 3953 medium
756 3897 879 3967 afferret,
895 3907 1006 3955 senatus
1020 3901 1137 3956 censuit.
1159 3901 1253 3956 Grave.
1269 3899 1293 3954 id
1309 3896 1421 3970 quidem
1438 3896 1502 3954 mili·

395 3972 478 4047 tibus,
494 3989 556 4029 nam
569 3981 597 4031 et
610 3974 688 4044 egeni
704 3972 880 4044 plerique,-et
893 3974 1025 4048 quidquid
1036 3982 1177 4046 ceperant,
1190 3975 1393 4044 absumerent,
1406 3974 1502 4030 lurein·

397 4048 482 4106 raudo
496 4057 585 4107 tamen
599 4050 733 4122 adstricti,
749 4065 827 4108 suam
841 4053 955 4124 quisque
971 4058 1077 4122 partem
1092 4052 1220 4124 religiose
1233 4051 1398 4107 attulerunt.
1415 4049 1501 4121 Neque

395 4125 462 4183 illud
476 4126 760 4198 praetermittendum.
777 4128 864 4192 Quum
879 4143 991 4183 auream
1012 4127 1073 4184 inde
1088 4127 1261 4184 efficiendam
1275 4132 1424 4194 crateram,
1444 4123 1501 4180 llel·

395 4201 705 4276 pbumquemittendam
719 4200 862 4258 decretum
873 4210 957 4277 esset,
973 4219 1132 4276 summaque
1143 4211 1211 4259 tunc
1221 4204 1319 4259 Romae
1330 4208 1403 4258 esset
1413 4199 1499 4257 aurii·

396 4277 487 4350 nupia,
497 4277 713 4335 consultantibus
727 4277 928 4348 magist-ratibus
939 4281 1009 4335 unde
1021 4293 1081 4334 eam
1092 4284 1293 4351 compararent,
1306 4291 1435 4334 romanae
1446 4290 1500 4332 ma·

395 4361 491 4411 tronae
504 4369 586 4411 aurea
600 4369 723 4426 quaeque
738 4367 850 4408 snorum
865 4371 1010 4425 coeptorum
1025 4364 1186 4412 ornamenta
1200 4353 1233 4412 sd
1249 4367 1358 4409 sacrum
1374 4351 1441 4408 illud
1455 4353 1500 4409 do·

397 4446 463 4487 num
477 4430 550 4487 ultro
563 4428 732 4486 contulerunt
748 4427 822 4501 (Vide
831 4430 911 4486 Paua.
922 4433 949 4486 in
966 4434 1037 4488 Vita
1051 4431 1174 4488 Camilli
1184 4437 1211 4489 ct
1225 4429 1366 4498 ments).
1379 4427 1432 4484 Sed
1443 4435 1500 4484 tunc

397 4507 541 4584 temporis,
555 4505 712 4578 gravissime
727 4512 818 4560 monet
832 4505 933 4578 Livius,
949 4528 960 4556 a
974 4507 1095 4564 nondum
1110 4509 1179 4564 baec
1191 4523 1261 4578 quae
1275 4521 1346 4561 nunc
1359 4510 1500 4559 tenetsae·

397 4582 499 4653 culum,
516 4581 680 4658 negligentia
699 4582 782 4636 licum
800 4590 924 4656 venerat,
940 4599 991 4641 nec
1006 4583 1213 4654 interpretando
1227 4582 1277 4640 sibi
1291 4583 1408 4654 quisque
1423 4581 1500 4636 iusiu-
