3224 5282
430 339 474 404 96
877 363 971 416 amm
986 363 1008 415 ι.
1028 322 1034 333 ³

387 503 1407 590 imaginumcultu,deecclesiasticahierarcblagdequesuprema
1416 501 1504 570 Pon·

389 593 485 658 tificis
500 595 637 660 Romani
663 598 864 674 auctoritate,
888 601 1019 665 candide
1035 605 1130 680 atque
1144 599 1268 664 erudite
1290 597 1390 663 tuitus
1401 602 1502 667 esset,

388 682 561 761 subiungit:
583 703 600 742 a
617 682 883 771 Quotiescumque
898 689 1069 755 deliniendi
1085 692 1195 769 urgeat
1210 689 1390 758 necessitas,
1405 688 1439 747 et
1450 701 1504 764 ge-

388 772 495 836 nerale
512 770 689 836 Concilium
706 775 815 840 haberi
833 783 978 858 nequeat,
997 777 1228 842 admittendum
1243 780 1302 855 est,
1318 774 1459 856 primum
1471 789 1506 834 e-

387 859 602 942 piscoporum,
621 879 674 926 seu
687 863 880 941 ,Pontificem
890 867 1078 940 Maximum,
1093 865 1202 930 eadem
1214 883 1275 946 qua
1286 865 1433 927 universa
1442 861 1505 926 Ec-

185 954 206 1025 tt
234 956 368 1026 Spstemct
387 948 494 1021 etesia,
512 947 632 1030 pollere
645 954 834 1019 auctoritate
846 953 911 1038 1).»
924 956 1009 1018 llaec
1023 971 1136 1037 nempe
1148 953 1211 1017 illis
1222 953 1397 1018 dictaverat
1412 950 1505 1014 notio

145 1029 366 1120 meolopnum,
388 1037 550 1118 religionis
567 1042 661 1118 atque
671 1041 845 1118 societatis,
860 1061 939 1124 quae
951 1061 1009 1110 nec
1021 1060 1136 1108 nomen
1148 1059 1206 1107 nec
1216 1059 1285 1106 rem
1295 1040 1449 1104 haberent
1460 1039 1507 1103 si-

140 1123 195 1198 sne
220 1109 350 1234 ffaetpmcs
388 1143 428 1189 ne
443 1143 567 1189 summo
582 1128 717 1205 quodam
733 1131 926 1212 imperante.

138 1188 368 1310 ἰ’,ζζῗηρῇθῖθίζζ
479 1213 586 1279 XXV.
604 1214 686 1280 Hinc
703 1219 764 1282 trio
781 1219 1023 1285 concluduntur:
1042 1219 1074 1284 1.
1092 1218 1247 1300 Papaeln
1263 1216 1413 1282 liniendis
1427 1233 1506 1279 con-

141 1332 196 1384 ΠΜ
209 1347 261 1386 „p
275 1328 307 1385 [a
319 1344 368 1386 re.
389 1301 554 1366 troversiis
567 1304 751 1381 auctoritem
769 1309 803 1372 2.
818 1309 1003 1374 Auctoritas
1014 1308 1117 1390 Papae
1131 1313 1164 1372 et
1178 1306 1338 1372 Ecclesiae
1350 1305 1385 1368 in
1398 1305 1439 1368 iis
1451 1303 1507 1368 de-

140 1405 243 1478 upron.
321 1417 324 1424 ·
388 1389 536 1455 finiendis
551 1409 631 1472 quae
647 1393 821 1475 Scripturis
832 1402 864 1462 et
876 1397 1054 1463 'traditioni
1068 1396 1218 1461 divinitus
1229 1394 1413 1459 concredita
1425 1393 1504 1466 sint;

388 1477 421 1543 3.
441 1480 560 1560 Papam
576 1480 602 1543 si
618 1489 730 1563 urgeat
754 1487 936 1560 necessitas,
961 1485 1083 1561 eadem,
1100 1501 1163 1567 qua
1184 1484 1329 1550 universa
1345 1482 1503 1554 Ecclesia,

387 1568 507 1648 pollere
523 1571 726 1639 auctoritate.

455 1657 686 1738 lllllll.Quum
694 1660 781 1725 enim
793 1661 962 1745 nullafingi
973 1662 1071 1746 possit
1079 1660 1224 1736 societas,
1235 1659 1312 1742 quin
1321 1676 1507 1740 supremum

386 1745 420 1808 in
435 1762 472 1808 ea
483 1752 591 1827 pateat
608 1747 757 1824 tribunal,
776 1757 848 1817 ectu
862 1769 985 1834 semper
997 1752 1148 1826 existens3
1165 1767 1325 1832 quumque
1342 1765 1380 1811 ea
1396 1749 1440 1812 sit
1455 1765 1507 1811 re·

386 1833 515 1914 ligionis
531 1840 644 1900 natura
659 1855 695 1900 ec
707 1839 765 1915 ris,
783 1844 819 1904 ut
834 1839 901 1904 eius
915 1836 1051 1917 decreta,
1074 1840 1184 1904 sivein
1200 1837 1378 1928 credendis,
1392 1837 1460 1900 sive
1471 1836 1506 1899 in

384 1921 525 2000 agendis,
540 1940 699 1989 assensum
712 1928 851 1994 firmiter
866 1928 1031 2003 inclinare,
1045 1929 1177 2009 ideoque
1188 1925 1315 1990 errandi
1327 1924 1507 2008 periculum

384 2025 532 2074 amovere
547 2011 694 2079 debeant:
708 2017 851 2097 sequitur
861 2017 945 2098 quod
954 2017 1085 2082 Grotius
1097 2014 1316 2080 etLeibnitius
1327 2014 1507 2079 constitue-

384 2096 473 2168 bant,
493 2102 670 2164 necessario
687 2121 725 2168 ex
741 2105 846 2168 divina
859 2105 1060 2170 institutione
1072 2122 1139 2170 esse
1151 2105 1186 2168 in
1197 2103 1352 2175 Ecclesia,
1372 2103 1507 2183 eiusque

383 2183 508 2264 Capite,
525 2206 683 2254 summum
700 2210 736 2256 ac
749 2211 938 2275 permanens
952 2194 1091 2259 tribunal
1107 2197 1201 2274 atque
1213 2190 1507 2274 imperiqunoe

386 2273 637 2341 Protestantibus
650 2278 768 2354 deleto,
783 2282 901 2346 tactum
913 2286 961 2346 est
973 2286 1008 2347 ut
1024 2283 1145 2347 nullam
1156 2280 1324 2361 religiosae
1340 2277 1508 2343 societatis

386 2363 646 2430 coniunctionem
664 2370 711 2432 vel
727 2368 855 2445 hebere,
871 2370 920 2435 vel
935 2370 996 2434 sibi
1010 2372 1159 2450 effingere
1174 2372 1304 2450 queant.

475 2453 615 2519 XXVII.
633 2459 798 2532 Attamen,
815 2476 888 2523 cum
904 2459 973 2522 sine
989 2458 1154 2539 regiminis
1166 2457 1361 2522 auctoritate
1373 2455 1427 2520 vel
1439 2455 1510 2519 idea

385 2539 466 2603 absit
478 2541 650 2616 societatis,
664 2545 813 2610 fictitiam
824 2547 1022 2612 auctoritatis
1033 2547 1205 2627 imaginem
1217 2549 1400 2608 restaurare
1412 2559 1518 2608 cona·

385 2627 511 2702 bantur;
530 2630 596 2702 sed,
615 2637 723 2696 amoto
738 2635 853 2716 capite,
871 2636 921 2698 cui
938 2652 1008 2698 eam
1023 2635 1189 2699 conterant
1205 2650 1267 2697 nou
1283 2631 1420 2698 babent.
1435 2632 1510 2698 Non

383 2715 459 2790 suis,
478 2721 513 2781 ut
530 2717 632 2794 aiunt,-
647 2722 822 2799 pestoribus
837 2722 888 2788 vel
903 2723 1073 2788 ministris:
1091 2721 1225 2804 quilibet
1239 2721 1327 2786 eninr
1344 2720 1451 2784 laicus
1462 2720 1511 2783 vel

384 2803 569 2868 muliercula
586 2824 676 2871 suum
691 2808 787 2874 habet
802 2811 962 2892 spiritum,
976 2811 1028 2875 cui
1039 2811 1099 2875 soli
1114 2810 1243 2874 credere
1254 2813 1419 2872 teneatur.
1433 2809 1510 2874 Non

382 2896 544 2973 pastorum
560 2897 714 2960 comitiis:
738 2915 823 2973 nam,
841 2899 968 2964 reiectis
983 2898 1211 2963 universalibus
1226 2896 1389 2979 Ecclesiae
1407 2895 1511 2960 comi-

370 2980 450 3054 tiis,
464 2997 526 3060 qua
538 2981 643 3048 fronte
655 3001 709 3048 sua
722 2985 783 3067 ipsi
794 2987 925 3051 comitia
938 2988 1002 3050 suis
1016 2986 1199 3068 imponent?
1205 2985 1266 3051 Sed
1277 3003 1377 3064 quum
1391 2983 1509 3067 synodi

381 3067 509 3151 synodis
522 3078 710 3152 repugnent,
726 3092 783 3138 nec
794 3074 874 3138 duae
885 3075 945 3138 sibi
957 3078 1144 3156 congruant,
1155 3074 1280 3138 cuinam
1292 3071 1511 3137 credendum?

380 3158 452 3224 Non
466 3158 605 3242 principi
617 3161 717 3226 civili:
730 3162 799 3242 quis
810 3163 896 3226 enim
908 3163 990 3227 terat
1002 3169 1049 3237 ut,
1064 3161 1209 3242 legitimo
1222 3159 1311 3226 Petri
1322 3177 1509 3224 successore

380 3245 523 3327 expulso,
542 3265 599 3312 rex
615 3249 661 3313 vel
678 3249 787 3329 regine
803 3250 837 3313 in
852 3267 966 3331 papam
990 3255 1131 3315 vertetur
1153 3249 1201 3313 vel
1217 3245 1400 3330 papissaml
1418 3248 1508 3328 Quid

380 3334 480 3412 magis
495 3336 675 3411 ridiculum,
693 3355 788 3418 quem
804 3338 959 3420 princeps,
973 3338 1024 3403 vir
1039 3338 1088 3400 vel
1105 3337 1256 3409 foemina,
1270 3341 1359 3402 stans
1370 3338 1459 3418 pede
1472 3336 1508 3399 in

378 3438 455 3492 uno,
472 3423 664 3488 sine-labore
681 3426 727 3488 net
743 3425 860 3500 studio,
879 3426 974 3489 tidem
990 3425 1155 3500 definiens,
1173 3442 1307 3505 eamque
1318 3425 1509 3505 pastoribus

379 3511 412 3569 et
428 3507 608 3572 doctoribus
624 3511 808 3598 imponens?
819 3513 891 3577 ntia
904 3531 943 3576 ne
958 3512 1074 3577 clarior
1088 3513 1255 3594 religionis
1272 3513 1445 3577 subversio
1459 3512 1509 3578 vel

378 3595 520 3658 derisio?
535 3597 607 3660 Alia
626 3617 665 3661 ne
682 3617 819 3680 unquam
835 3601 983 3684 imposita
998 3601 1131 3666 servitus
1147 3600 1296 3665 insulsior
1312 3617 1350 3664 ac
1367 3619 1512 3684 praepo-

380 3681 517 3745 tentiorl
532 3683 613 3748 Huic
625 3691 731 3750 tamen
749 3687 966 3753 Protestantes
980 3688 1061 3751 colla
1077 3689 1249 3754 subiiciunt
1265 3692 1299 3752 et
1315 3689 1511 3753 libertatem

378 3768 509 3833 iactent!
527 3772 792 3839 Doctissimorum
808 3777 965 3840 Ecclesiae
980 3776 1165 3857 pontificum
1178 3775 1427 3850 auctoritatem,
1446 3779 1512 3840 mi-

377 3855 599 3940 tissimumque
614 3862 783 3944 imperium
797 3863 988 3943 despiciunt,
1002 3862 1077 3927 dum
1089 3864 1148 3945 ipsi
1161 3863 1332 3928 caelestem
1344 3865 1450 3928 fidem
1463 3869 1512 3931 ci·

342 3953 344 3959 '
376 3943 431 4006 vili
446 3944 594 4027 imperio,
612 3967 771 4015 armorum
786 3968 902 4030 nempe
918 3951 1066 4030 regimini
1081 3949 1242 4033 subigunt:
1262 3958 1295 4017 et
1311 3971 1347 4016 se
1364 3953 1448 4018 fidei
1459 3974 1513 4019 re·

374 4030 563 4100 formatores
578 4044 610 4102 ct
627 4038 784 4104 libertatis
800 4042 943 4102 auctores
958 4038 1135 4119 gloriantur
1146 4037 1204 4124 (ull
1219 4039 1280 4104 Sed
1292 4040 1368 4122 quis
1386 4044 1512 4124 privati

452 4189 491 4262 to)
506 4195 596 4270 Usque
612 4200 646 4255 ab
660 4215 733 4257 anno
751 4199 822 4258 salt
838 4197 948 4272 quidam
963 4196 1123 4276 anglicanus
1144 4201 1281 4274 minister,
1304 4203 1425 4260 nomine
1439 4206 1514 4264 Gor·

375 4264 450 4336 barn,
459 4281 542 4338 quum
553 4275 693 4332 efficacem
702 4283 813 4348 negaret
825 4274 950 4344 baptismi
961 4273 1053 4329 vim'et
1064 4277 1268 4346 necessitatem,
1277 4275 1449 4336 admitteret
1464 4296 1512 4336 ve·

375 4353 406 4396 ro
420 4341 564 4416 episcopus
578 4351 638 4407 eius
649 4349 794 4420 dioecesis,
807 4346 934 4404 obstabat
944 4347 988 4403 bic
999 4362 1033 4402 ne
1047 4346 1091 4404 ille
1105 4349 1272 4405 beneficium
1286 4349 1508 4423 ingrederetur.

373 4415 427 4471 Sed
441 4415 571 4498 Gorham,
587 4427 684 4496 privati
700 4427 811 4497 reginae
826 4419 937 4478 Consilii
951 4423 1094 4493 sententie,
1108 4422 1167 4480 tord
1179 4425 1248 4480 lobn
1263 4425 1378 4483 Russell
1389 4439 1508 4504 agente,

373 4495 467 4545 eontra
480 4497 598 4572 episcopi
613 4499 754 4573 indictum,
771 4489 854 4554 veluti
868 4495 977 4564 egregie
991 4495 1158 4566 orthodoxus
1171 4497 1196 4552 in
1208 4500 1380 4559 beneficium
1396 4506 1510 4563 admis-

375 4577 421 4618 sus
434 4572 487 4623 est.
503 4571 549 4632 bie
561 4584 651 4634 antem
664 4578 700 4632 25
716 4573 779 4631 iunii
792 4570 857 4628 anni
873 4572 955 4684 laec,
965 4569 1110 4642 episcopus
1120 4572 1312 4650 Exeterensis,
1321 4588 1430 4639 coacto
1441 4596 1512 4640 con·
