3222 5282
581 319 714 369 risurus
731 321 776 370 ιν.
1152 299 1195 369 ³5

207 465 280 532 XV.
298 464 350 530 hd
365 465 399 528 2.
418 463 461 530 Ut
475 463 560 529 actio
576 463 659 529 bona
675 466 730 542 sit,
749 472 921 534 necessest
933 466 965 532 1.
979 474 1015 534 ut
1027 483 1099 530 vere
1112 468 1237 534 talissit

114 555 333 638 undequaque,
344 570 384 618 ex
391 552 518 642 obiecto
533 552 667 629 scilicet,
682 555 746 619 line
759 561 793 622 et
804 554 1063 621 circumstantiis.
1078 557 1111 619 2.
1126 557 1169 624 Ut
1181 575 1238 640 pro

114 643 174 708 tali
189 645 230 706 ab
244 647 358 722 agente
372 641 574 722 dignoscatur
588 646 683 726 atque
697 648 874 726 appetatur.
893 643 1018 726 Duplex
1033 642 1189 726 siquidem
1204 644 1238 708 iu

114 749 180 794 una
195 732 366 815 eademque
381 731 519 807 actione,
531 730 683 798 bonitatis
698 733 904 798 elementum:
922 732 1047 799 bonitas
1060 731 1122 807 rei,
1135 738 1168 799 et
1182 733 1240 798 bo·

114 818 201 884 nitas
217 819 352 900 agentis.

206 907 298 972 XVI.
315 906 389 982 Sed,
407 911 494 973 utut
508 906 731 988 imputationis
746 908 900 975 iudIcium
917 907 1111 976 conscientia
1126 907 1240 974 efferre

117 1000 251 1075 cogatur
266 996 300 1058 iu
315 997 529 1077 semetipsam,
545 997 636 1072 illud,
653 998 681 1062 si
696 1002 781 1064 recte
796 1000 934 1074 incedat,
952 1016 1015 1063 non
1031 997 1093 1062 sibi
1108 995 1176 1080 ipsa
1191 997 1239 1063 ei·

115 1083 225 1164 tingit,
240 1101 348 1148 verum
359 1102 400 1148 ex
413 1085 468 1148 illa
479 1084 586 1150 haurit
596 1087 697 1161 curia,
714 1087 765 1152 cui
777 1090 906 1152 aeterna
918 1089 970 1154 lex
980 1092 1118 1168 praeest,
1135 1092 1240 1153 aeter-

114 1190 177 1234 nus
189 1171 297 1246 iudex,
323 1177 355 1238 et
370 1173 541 1254 legislator.
567 1173 727 1259 Quidquid
742 1176 829 1240 enlm
850 1183 958 1259 peccat
972 1176 1069 1240 homo
1090 1175 1140 1240 val
1154 1174 1189 1240 in
1205 1193 1239 1240 se

115 1260 167 1325 vel
179 1260 214 1323 in
226 1261 317 1334 alios,
327 1259 361 1324 in
373 1267 536 1326 aeternam
548 1267 658 1343 peccat
669 1266 873 1348 legam,quae
880 1265 996 1348 ubique
1008 1263 1154 1328 ordinem
1162 1281 1239 1328 con·

113 1348 235 1414 servari
250 1346 351 1422 iubet,
367 1349 660 1432 perturbariretat.
679 1353 757 1416 Inde
770 1371 846 1418 vero
861 1373 957 1436 quum
974 1352 1078 1418 omnis
1092 1352 1170 1417 lluat
1184 1369 1239 1414 au-

113 1437 261 1511 ctoritas,
271 1437 374 1501 omnis
383 1436 617 1521 lex‚omniaquc
624 1441 858 1506 constituantur
868 1443 950 1518 iura;
964 1439 1050 1505 nulla
1060 1458 1171 1505 eorum
1183 1440 1239 1504 liet

114 1525 265 1598 violatio,
275 1542 356 1606 quae
364 1524 493 1590 inillam
500 1525 640 1591 divinam
648 1544 685 1593 ac
693 1529 871 1610 principem
879 1530 980 1611 legem
993 1545 1057 1592 non
1069 1526 1237 1592 referatur.

206 1613 313 1680 XVII.
338 1613 428 1693 Quod
444 1631 516 1679 cum
531 1615 730 1681 verissimum
744 1617 798 1692 sit,
824 1618 901 1682 illud
915 1633 1040 1702 quoque
1063 1613 1239 1680 certissime

113 1705 254 1777 onustat,
276 1702 407 1768 virtutes
421 1707 454 1768 et
470 1703 561 1779 vitia,
582 1721 637 1770 suo
651 1721 792 1789 quaeque
807 1707 900 1770 modo
923 1723 959 1769 ac
973 1701 1236 1784 disparatissimo,

115 1790 156 1854 ad
169 1789 259 1854 illam
267 1789 393 1855 unicam
402 1796 434 1857 et
444 1791 621 1875 simplicem
629 1789 785 1857 iustitiam
793 1793 1006 1860 referribum
1017 1791 1104 1856 enim
1115 1790 1167 1856 lex
1175 1809 1239 1858 una

115 1884 150 1944 et
160 1877 396 1962 simplicissima
407 1881 442 1944 in
454 1879 625 1945 humanam
640 1881 785 1946 illabitur
799 1888 957 1958 naturam,
975 1900 1033 1965 pro
1045 1879 1177 1944 diversis
1188 1897 1239 1944 re·

114 1983 190 2030 rum
202 1967 335 2044 naturis,
349 1969 574 2054 hominumque
584 1970 807 2045 relationibus,
820 1970 942 2036 diversa
952 1971 1050 2036 edicit
1060 1969 1130 2034 iura
1142 1973 1238 2052 atque

115 2056 236 2132 officia;
255 2055 430 2141 iisdemque
445 2059 614 2125 virtutibus
628 2076 664 2124 ac
679 2059 767 2124 vitiis
780 2076 850 2124 suas
864 2061 983 2144 species
994 2064 1028 2125 et
1038 2058 1150 2140 gradus
1162 2073 1239 2122 con·

115 2145 326 2212 stituitMale
340 2148 440 2227 igitur
454 2147 569 2223 Stoici,
583 2147 695 2233 quibus
710 2167 782 2213 cum
798 2147 883 2213 idem
898 2166 995 2231 pmpe
1010 2152 1091 2213 esset
1106 2162 1238 2229 peecare

115 2235 151 2298 et
162 2234 280 2298 lineam
292 2235 462 2311 transilire
476 2235 511 2299 id
521 2242 628 2301 autem
639 2255 710 2302 cum
723 2237 792 2322 quis
803 2237 940 2312 lecisset,
950 2254 1044 2320 quam
1056 2236 1149 2316 longe
1161 2252 1237 2316 pro·

114 2322 313 2404 grederetur‚
338 2324 378 2387 ad
394 2324 567 2405 augendam
581 2325 705 2408 culpam
727 2325 808 2389 nihil
824 2326 970 2390 conferre
986 2328 1145 2407 putarent;
1169 2339 1237 2388 om·
1284 2346 1287 2352 ·

115 2429 173 2476 nes
189 2412 322 2476 iniurias
336 2413 479 2496 aequales
495 2430 563 2477 asse
578 2415 763 2484 docuerunt.
782 2414 888 2495 Quare
903 2433 968 2478 non
984 2413 1087 2478 minus
1098 2429 1171 2476 eum
1182 2409 1237 2473 de-

114 2499 259 2582 linquere
274 2501 328 2583 qui
343 2502 461 2582 gallum
476 2501 696 2583 gallinaceum,
709 2521 783 2568 cum
798 2521 875 2584 opus
890 2520 955 2566 non
970 2506 1065 2577 esset,
1077 2516 1171 2582 quam
1182 2496 1237 2579 qui

114 2594 242 2671 patrem
256 2591 423 2655 suffocaret
437 2588 491 2674 (a).
508 2590 663 2657 Miserum
677 2592 756 2656 adeo
771 2607 790 2654 a
805 2591 938 2657 Zenonis
951 2590 1058 2656 schola
1073 2588 1112 2652 ad
1127 2587 1237 2652 haere.-

115 2678 254 2750 ticomm
273 2679 408 2762 pagellas
423 2679 609 2744 translatum
624 2697 780 2754 errorem,
797 2680 952 2745 Luthems
962 2683 994 2744 et
1005 2677 1151 2745 Calvinus
1158 2676 1237 2739 Pro-

114 2767 305 2834 testantibus
325 2773 499 2843 suaserunt,
516 2768 742 2834 contendentes
759 2773 887 2850 peccata
905 2767 1012 2833 omnia
1025 2775 1145 2840 notura
1158 2779 1237 2837 esse,

113 2856 259 2937 quamvis
267 2875 332 2922 noo
339 2856 842 2940 imputatiooc,aequalia.Scilicet
851 2873 1043 2941 quacumque
1053 2853 1130 2934 legis
1139 2856 1240 2917 trans-

113 2945 280 3025 gressione
301 2945 444 3010 eamdem
465 2947 568 3010 inesse
582 2945 821 3027 perversitatem
842 2962 879 3009 ac
893 2942 1135 3027 turpitudinem,
1160 2955 1241 3024 quae

113 3032 261 3114 reprobis
276 3033 405 3115 quidem
420 3033 616 3099 adscribatur
632 3034 821 3117 aequissimo
837 3034 898 3098 Dei
914 3032 1046 3108 iudicio,
1060 3048 1125 3096 non
1137 3027 1242 3109 Impu-

114 3124 205 3187 tetur
219 3121 701 3203 praedestinatisliberalissima
718 3122 785 3187 eius
801 3120 1030 3186 misericordia.

206 3210 330 3277 XVIII.
347 3211 475 3277 Ludunt
488 3211 600 3279 Stoici.
626 3211 710 3278 Nam
726 3210 809 3275 linea
832 3209 951 3274 alinea
974 3207 1093 3272 diliert:
1118 3201 1241 3286 aliaque
1357 3222 1364 3228 ³

113 3302 206 3364 vetat
217 3317 258 3364 ne
269 3300 410 3374 verbum,
420 3300 544 3382 aliaque
554 3315 594 3362 nc
605 3298 745 3381 gladium
757 3297 966 3362 inhominem
979 3289 1242 3360 iaculeris.Vario

114 3404 244 3469 quoque
258 3388 352 3454 modo
373 3392 407 3453 et
421 3388 519 3469 gradu
534 3386 677 3452 eamdem
701 3386 819 3451 lineam
835 3384 1002 3451 transihes.
1028 3386 1140 3448 Assem
1155 3378 1242 3443 iura·

115 3479 180 3550 tus,
199 3475 265 3539 iam
280 3477 398 3540 bucam
414 3475 593 3551 transilisti;
611 3475 665 3540 sed
677 3476 773 3550 ultra,
787 3474 814 3538 si
826 3473 904 3538 alios
916 3478 1009 3556 atque
1027 3471 1106 3535 alios
1118 3466 1243 3560 iurabe-

115 3563 175 3626 ris.
195 3563 241 3627 Ea
257 3563 394 3639 ratione,
419 3567 615 3648 quaomnia
630 3563 730 3645 magis
745 3581 764 3627 a
779 3561 913 3629 veritate
928 3559 1098 3635 receditur,
1123 3558 1242 3639 quanto

117 3650 226 3714 maior
241 3657 289 3717 est
304 3652 425 3717 falsitas
442 3649 484 3735 1).
496 3652 605 3717 »Hinc
622 3671 639 3711 «
656 3651 732 3736 quid
747 3649 1008 3730 absurdius,quid
1023 3647 1162 3712 insanius
1177 3642 1240 3718 dici
1304 3642 1327 3717 1)
1348 3648 1376 3701 S.
1392 3647 1486 3703 Thon.

117 3744 241 3819 potest,
265 3758 359 3823 quam
374 3746 410 3805 ut
425 3741 481 3804 ille
497 3741 552 3822 qui
568 3740 730 3822 aliquanto
747 3738 983 3805 immoderatius
1001 3737 1122 3812 riserit,
1140 3737 1172 3798 et
1188 3731 1242 3796 ille
1262 3727 1367 3778 «rantra
1377 3724 1487 3787 centes,

117 3827 175 3907 qui
189 3828 326 3909 patriam
343 3830 550 3895 truculentius
566 3828 757 3903 incenderit,
778 3845 920 3910 peccasse
937 3826 1117 3892 iudicentur
1131 3837 1244 3903 aequa·
1266 3797 1313 3869 ¹¹¹1
1334 3799 1397 3853 ¹³⁹·

118 3915 210 3980 liter?
219 3920 284 3982 hut
296 3918 324 3981 si
335 3923 504 4001 propterea
519 3921 594 3982 sunt
607 3918 698 4000 paria
715 3917 790 4002 quia
805 3921 939 3999 utraque
953 3915 1067 3982 delicta
1079 3914 1164 3986 sunt,
1174 3925 1245 3972 mu-

117 4019 169 4066 res
186 4009 220 4068 et
231 4004 414 4086 elephantes
432 4023 524 4088 pares
539 4010 646 4080 erunt,
665 4005 738 4088 quia
753 4009 884 4090 utraque
898 4001 1148 4076 sunt.animalia;
1175 4013 1245 4060 mu-

116 4107 188 4155 scae
205 4096 237 4157 et
253 4094 471 4182 aquilaequia
484 4100 619 4177 utraque
629 4094 775 4159 volatilia
790 4092 834 4178 2).
851 4115 868 4156 a
881 4093 1065 4158 Praeiverat
1079 4086 1242 4157 Horatius:
1313 4093 1340 4168 2)
1364 4096 1392 4152 s.
1407 4097 1490 4167 Aug,

365 4223 371 4234 ¹
496 4222 502 4234 ι
948 4221 953 4232 ,
1284 4173 1339 4244 Ep.
1368 4168 1410 4226 od
1432 4172 1493 4225 Ne·

277 4223 334 4280 Nec
346 4228 438 4280 rmcet
451 4227 520 4280 ratio
534 4223 596 4290 boc,
612 4218 780 4278 tandundam
794 4226 823 4278 ut
837 4227 933 4294 peccat
947 4219 1083 4294 idemque,
1284 4250 1376 4315 etan,
1395 4247 1457 4300 itl-

279 4299 328 4366 Qui
342 4305 452 4355 teneros
466 4296 561 4354 caules
574 4297 654 4354 alieni
667 4297 779 4368 lragcrit
793 4297 875 4367 horti,

278 4374 314 4432 Et
326 4375 372 4448 qui
386 4380 536 4432 nocturnus
548 4373 643 4430 Divum
656 4386 736 4430 sacra
748 4372 843 4446 legent
857 4371 895 4446 ll.
1307 4363 1332 4438 ³)
1344 4366 1419 4438 Sat,
1430 4364 1452 4435 1,
1463 4366 1490 4419 3.

195 4522 237 4596 (ol
248 4522 314 4584 Vide
328 4523 456 4599 Tullium,
468 4523 626 4584 Parodana.
639 4524 689 4595 lll;
705 4522 742 4582 de
752 4523 882 4590 Finibus,
897 4523 942 4593 IV,
955 4521 1002 4594 ²73
1015 4516 1186 4600 potissimum
1201 4533 1246 4574 re·

118 4616 150 4658 ro
168 4602 259 4660 Orat.
272 4603 480 4677 predicarem,
496 4619 550 4677 qna
564 4600 753 4659 stultissimum
768 4605 951 4659 commentum
965 4594 1111 4654 salsissime
1126 4591 1205 4649 udat.
