3224 5282
589 288 722 342 rrrucus
736 289 770 338 v.
1011 300 1014 314 ·
1135 268 1199 340 127

123 435 268 503 vinitatis
281 441 315 501 et
330 436 457 503 iuturae
472 433 556 500 vltae
570 436 828 520 superaddentes,
846 433 1002 517 religione
1017 434 1169 511 extincta,
1187 435 1246 502 bo-

123 527 245 590 minem
257 524 297 588 ad
306 525 482 592 foediorem
488 525 754 600 materialismum
767 525 929 608 impellere
940 523 1105 590 festinant.
1115 523 1150 589 si
1158 525 1244 590 enim

124 613 241 695 religio
257 619 378 681 veteres
393 631 457 679 non
473 613 609 680 retinuit
624 632 643 678 a
658 615 734 689 dne,
753 616 791 679 ad
807 632 902 697 quem
914 629 968 678 eos
982 613 1145 678 socialium
1157 614 1246 696 prin-

123 703 284 788 cipiorum
300 703 421 768 eversio
437 703 637 784 impellebat,
655 703 731 784 quid
743 721 761 768 a
773 702 989 786 praesentibus
1005 721 1069 768 non
1085 708 1133 768 est
1148 703 1248 784 perti·

123 792 343 860 mescendumi
350 792 491 875 Antiqua
502 791 639 860 fratrum
650 793 824 861 saturnalia
836 792 937 859 nostri
952 792 1248 876 praetergrederen-

124 885 179 948 iul·
196 881 239 968 1).
260 903 278 944 ιι
1313 853 1387 926 ΙιΗ
1385 859 1432 913 ist.
1455 856 1496 914 du

1255 930 1493 1006 Communium,

1254 1007 1356 1080 parit.
1360 1008 1391 1062 Α.
1396 978 1493 1064 Sudre.

627 1067 744 1106 “m''
1095 1120 1100 1129 .
1256 1081 1342 1156 Paris,
1362 1084 1443 1140 18⁴9.

498 1293 790 1373 vrruuus
839 1297 882 1373 v.
951 1277 977 1288 ’“

126 1505 173 1554 ΒΕ
188 1501 330 1554 orrlclls
344 1501 507 1554 lusrlrlnu
520 1503 562 1552 BT
572 1503 840 1556 euuuutcliltxrnu
853 1502 967 1563 Quodn
980 1503 1245 1556 beoralurlrunl.

202 1663 225 1718 l.
242 1663 304 1719 lure
316 1669 429 1720 naturae
439 1663 605 1720 universalia
616 1669 680 1720 suot
690 1663 731 1720 vel
743 1662 906 1734 personalia.
915 1663 950 1719 ll.
961 1661 1189 1732 Quemadmodum
1201 1681 1250 1721 oa·

123 1745 188 1794 turn
199 1754 254 1801 nou
266 1737 624 1810 excluditpersonalitatem,
638 1740 672 1794 ita
683 1755 769 1812 neque
781 1739 839 1796 iura
850 1739 1013 1795 universalia
1024 1738 1173 1796 excludunt
1185 1756 1249 1811 par·

124 1814 262 1871 tioularia.
282 1814 330 1871 lll.
347 1815 403 1871 buo
417 1815 569 1872 officiorum
583 1816 683 1885 capita:
699 1819 817 1872 iustitio
830 1822 857 1870 ot
870 1816 1068 1888 beomeemto.
1085 1815 1129 1872 lv.
1146 1817 1250 1872 lustitia

124 1895 219 1946 servat
233 1890 429 1961 aequalitatem
444 1893 487 1947 ret
502 1891 542 1948 ad
555 1907 630 1948 rem.
644 1892 674 1947 V.
687 1890 869 1947 Beneficeotia
883 1897 926 1946 est
938 1887 1081 1946 abundans
1094 1892 1204 1962 iustitia,
1220 1899 1250 1948 et

125 1964 198 2037 legis
211 1965 452 2035 complementum.
466 1968 511 2024 lll.
524 1968 576 2023 lter
587 1965 688 2023 estiori
703 1967 811 2038 interni,
821 1981 873 2022 uec
884 1966 988 2038 legibus
1003 1965 1247 2025 subiiciendallll.

127 2041 206 2098 loitic
220 2040 372 2097 Socialismi
383 2042 409 2097 in
423 2042 555 2100 charitate
568 2039 659 2114 legali
669 2039 740 2099 Vlll.
750 2043 1191 2114 llaocgeuuitProtestaotismus.
1200 2043 1248 2100 lll.

125 2116 199 2172 'laxa
221 2114 328 2188 legalis
345 2116 472 2172 divitibus
486 2124 513 2174 et
527 2116 693 2190 pauperibus
707 2121 795 2175 noxia.
811 2118 847 2174 X.
862 2119 937 2186 Quae
951 2116 1087 2189 publicam
1102 2116 1143 2175 vel
1158 2121 1254 2188 priva·
1357 2120 1359 2124 ’

124 2198 183 2247 tem
198 2191 406 2248 beneficentiam
421 2199 558 2262 spectent.
575 2193 622 2250 Xl
637 2191 702 2247 Eius
714 2194 850 2249 inventrix
864 2200 945 2266 atque
955 2193 1047 2266 altrix,
1059 2192 1191 2250 catholica
1203 2209 1249 2252 re·

125 2265 202 2338 ligio.
220 2266 281 2322 llll.
298 2266 445 2337 Exemplar
456 2268 592 2340 Christus
605 2267 679 2325 xlll.
695 2283 771 2324 curus
782 2281 902 2338 perenne
916 2269 1077 2324 socrviicmm
1092 2267 1143 2323 fide
1153 2275 1180 2325 et
1191 2286 1251 2326 nro

126 2341 205 2397 ribus
218 2347 314 2398 tenent
327 2341 469 2400 Catholici.
486 2343 555 2402 xlv.
567 2311 676 2417 L’egalis
688 2349 716 2400 et
730 2345 836 2402 divinae
850 2343 991 2401 charitatis
1003 2343 1178 2415 comparatio.
1191 2345 1248 2404 xv.

125 2415 229 2473 Ultima
243 2417 317 2474 salus
330 2417 449 2492 publica,
464 2419 569 2494 religio

217 2583 244 2647 1.
259 2582 375 2648 Nostra
387 2588 420 2648 et
432 2583 535 2648 aliena
547 2586 758 2666 exposuimus,
767 2584 806 2648 dc
818 2583 886 2648 iure
899 2583 1037 2650 naturali
1050 2585 1251 2666 aequalitatis

124 2675 161 2736 et
173 2670 386 2737 fraternitatis
398 2689 472 2754 erga
482 2671 970 2756 proprietatem.lllibelluinum
982 2671 1250 2752 instinctumuos

122 2760 174 2824 ius
189 2761 310 2824 morale
326 2759 361 2824 in
377 2759 509 2825 homine
531 2763 740 2845 contemplati
756 2780 873 2827 sumus.
892 2763 944 2828 llli
960 2762 1097 2827 ferream
1111 2763 1250 2844 diligunt

124 2849 367 2931 aequalitatem,
382 2849 450 2913 sinc
462 2850 526 2914 ulla
542 2851 689 2917 libertate
706 2852 752 2916 vel
769 2851 933 2918 varietate:
947 2869 1004 2915 nos
1015 2850 1147 2915 liberem
1163 2851 1251 2917 volu·

123 2955 208 3012 mus,
220 2955 292 3004 cum
305 2955 525 3019 personamm,
535 2939 733 3005 familiarum
744 2945 777 3006 et
789 2940 931 3022 gentium
944 2942 1109 3004 varietate.
1121 2941 1181 3005 Sed
1194 2957 1250 3005 ne-

123 3044 186 3109 que
202 3027 398 3101 fraternitas,
410 3045 490 3109 quae
503 3027 698 3094 nobilissima
710 3035 758 3095 est
769 3028 912 3094 omnium
925 3029 1123 3102 coniunctio,
1141 3029 1250 3110 singu·

123 3116 230 3182 lorum
245 3116 542 3191 aufertlibertatem
557 3118 605 3182 vel
620 3119 890 3201 personalitatem.
902 3116 1004 3192 Unde,
1016 3117 1079 3180 aliu
1095 3121 1168 3182 sunt
1180 3119 1250 3182 iura
1331 3113 1333 3120 ’

124 3205 332 3280 universalia,
342 3221 422 3286 quae
433 3223 493 3286 pro
505 3207 652 3270 omnibus
663 3207 773 3272 eadem
788 3212 874 3282 sunt,
884 3209 918 3271 et
930 3213 1076 3270 naturam
1091 3206 1249 3270 comitan-

124 3299 191 3359 tur·
209 3294 271 3358 alia
287 3311 362 3360 vero
377 3295 566 3376 personalia,
581 3313 661 3378 quae
673 3313 691 3361 a
701 3313 735 3360 se
746 3295 883 3360 invicem
899 3294 1171 3360 discriminantur.
1186 3294 1250 3360 De·

125 3382 215 3457 inde,
227 3382 289 3447 alra
300 3382 428 3464 quidem
442 3384 562 3466 legibus
574 3385 829 3462 communiendo·
840 3384 902 3448 alia
914 3387 1045 3449 naturae
1057 3383 1207 3460 bonitati
1216 3389 1249 3449 et

123 3471 1196 3556 fratrumonarrtaurennquenae1

215 3561 260 3625 ll.
277 3562 350 3626 lura
367 3563 556 3628 universalia
571 3579 608 3626 ea
622 3567 710 3638 sunt,
724 3579 804 3646 quae
818 3561 852 3625 iu
868 3559 977 3626 omnia
992 3561 1134 3625 membra
1146 3579 1186 3626 ex
1197 3555 1250 3626 'ea-

125 3650 757 3732 demcorporisunitateproficiscuntur,
769 3650 975 3734 pariustitia,
984 3650 1251 3719 vindictavelde·

125 3738 233 3804 leuem
247 3740 399 3822 aequalis,
412 3741 585 3823 praestitae
596 3757 615 3804 a
627 3742 745 3822 legibus
760 3739 910 3816 civitatis.
921 3739 1037 3808 Omnia
1050 3741 1136 3804 enim
1149 3757 1250 3804 mem-

122 3828 194 3902 bra,
208 3845 267 3894 suo
279 3829 442 3913 quodlibet
453 3830 561 3907 modo,
574 3831 738 3897 confluunt
750 3831 789 3894 ad
800 3828 1000 3894 communem
1012 3828 1196 3894 utilitatem.
1208 3829 1252 3894 E·

123 3917 243 3982 tenimr
269 3937 286 3977 ιι
303 3918 376 3985 Non
393 3922 499 4000 potest
514 3920 622 3990 oculus
637 3919 743 3984 dicere
759 3917 880 3983 manui:
898 3917 1002 4000 Opera
1017 3922 1070 3984 tua
1086 3935 1149 3982 non
1167 3917 1251 3981 iodi-

123 4023 195 4088 geo:
215 4011 271 4071 aut
294 4005 413 4072 iterum
429 4012 522 4090 caput
545 4009 687 4090 pedibus:
705 4010 778 4076 Non
795 4007 871 4072 estis
886 4007 967 4071 mibi
991 4006 1171 4071 necessarii.
1190 4005 1250 4072 Sed

122 4095 226 4161 multo
239 4095 340 4177 magis
352 4114 432 4179 quae
444 4097 592 4164 videntur
604 4097 745 4162 membra
756 4096 900 4178 corporis
911 4095 1090 4160 infirmiora
1102 4112 1179 4168 esse,
1195 4113 1251 4159 ne-

122 4185 299 4260 cessariora
320 4189 407 4250 sunt:
429 4191 462 4252 et
477 4204 557 4270 quae
572 4192 717 4270 putamus
733 4185 924 4268 ignobiliora
940 4184 1081 4249 membra
1097 4202 1164 4248 esse
1178 4201 1251 4248 cor·

122 4274 224 4358 poris,
241 4273 290 4337 bis
305 4272 458 4340 honorem
474 4275 738 4352 abundantiorem
754 4274 1026 4340 circumdamus.
1041 4271 1110 4339 .Ut
1127 4289 1190 4337 ooo
1206 4272 1250 4336 sit

122 4362 287 4428 schisma'
278 4381 311 4426 ιιι
325 4379 473 4446 corpore,
488 4365 542 4429 sed
555 4364 691 4447 idipsum
704 4382 763 4468 pro
775 4363 912 4428 invicem
924 4362 1059 4427 sollicita
1071 4363 1136 4429 siut
1150 4378 1251 4425 mem·
1309 4399 1373 4470 233
1385 4398 1495 4471 erolus
1574 4429 1575 4432 ,

123 4452 178 4517 bra
192 4449 238 4534 2).
256 4451 387 4517 »Pedes
399 4457 519 4521 terram
531 4459 712 4537 proterunt,
728 4452 768 4517 iis
783 4457 890 4517 tamen
904 4455 1009 4534 caput,
1027 4442 1122 4525 oculi,
1138 4467 1249 4514 manus
1270 4475 1281 4530 l
1299 4475 1430 4532 eorsum
1435 4476 1496 4548 xp

124 4540 310 4606 fulciuntur.
328 4541 404 4607 Ιιι
393 4560 427 4606 ιιι
444 4558 578 4627 corpore
594 4543 741 4625 politico,
755 4559 817 4626 quo
830 4540 936 4610 omnia
949 4538 1090 4604 membra
1106 4553 1248 4611 commu·
1271 4553 1302 4608 ιι
1308 4553 1370 4608 -.ιι
