3222 5282
583 324 755 396 rramosr.
1165 313 1187 377 9

109 477 155 553 ri,
174 472 226 540 ad.
233 469 413 541 Stoicorum
428 470 580 550 scholam,
597 473 686 556 quasi
701 473 741 538 ad
757 471 913 558 naufragii
928 473 1084 554 tabulam,
1095 495 1130 546 se
1145 495 1233 550 reco-

149 568 238 630 runt.
293 623 296 626 .
1165 607 1177 621 -

108 582 148 648 pe
199 653 259 718 Vl.
276 651 366 732 Quae
380 647 527 716 societasl
544 649 712 717 Lucretius
723 668 939 736 quaecumque
954 653 1038 719 mala
1054 652 1088 720 in
1099 651 1232 736 religio-

109 757 187 806 nem
200 741 391 806 contulerat:
411 740 583 805 «Tantum
606 738 733 824 relligio
756 741 861 823 potuit
874 731 1004 807 suadere
1023 742 1191 809 malorum.
1212 767 1229 806 o

107 829 237 906 Caesar,
256 829 401 894 oratione
426 828 466 892 ad
481 831 625 893 senatum
641 826 761 904 habita,
778 845 851 894 cum
867 828 992 895 animae
1006 831 1232 898 immortalita-

109 925 155 992 te,
175 935 291 999 poenas
306 917 437 983 alterius
460 917 545 983 ritae
567 916 735 984 sustulerat
752 913 794 1000 l).
815 917 941 997 »Quod
956 919 1057 985 terme
1071 920 1231 1004 praestitit
1298 917 1322 991 o
1341 915 1474 994 Sallust,

108 1005 228 1084 Cicero,
238 1007 273 1071 in
285 1005 432 1070 oratione
447 1023 506 1088 pro
519 1004 682 1071 Cluentiot
698 1005 845 1089 equidem
861 1024 924 1072 non
940 1023 980 1070 ex
994 1009 1116 1085 animo,
1129 999 1183 1074 sed
1195 1014 1231 1076 ut
1254 992 1391 1070 emoto,
1408 999 1455 1054 ⁵¹·

107 1095 237 1160 dicendi
251 1095 387 1177 quadam
402 1094 544 1160 novitate
565 1094 744 1160 excelleret.
762 1095 896 1170 Vemm,
914 1112 995 1177 quae
1016 1096 1128 1170 civitas
1142 1098 1232 1163 euius

107 1184 272 1250 auditores
293 1183 407 1250 talibars
429 1181 584 1248 doctrinis
602 1180 846 1250 delectarentur!
863 1183 990 1264 Quanta
1006 1185 1229 1270 imperatores,

107 1279 143 1340 et
157 1273 297 1357 patritii,
315 1276 348 1338 et
362 1271 532 1348 exercitus,
550 1276 584 1338 et
596 1271 683 1353 plebs
699 1271 832 1340 libidine
845 1273 1039 1351 dilllucrent,
1057 1277 1228 1358 expoetis,

106 1369 143 1428 et
158 1361 333 1435 historicis,
351 1361 540 1442 praesertim
551 1377 590 1426 ex
601 1359 752 1427 Sallustio
760 1365 794 1427 et
805 1362 916 1428 Tacito
929 1365 1150 1447 conspicimus.
1165 1366 1232 1432 Ro-

107 1467 242 1515 manum
256 1450 438 1534 imperium,
456 1463 519 1532 quo
535 1465 600 1513 non
612 1448 696 1514 aliud
707 1449 840 1532 gloriosi
851 1452 930 1516 adeo
941 1450 1147 1520 incrementis
1159 1458 1231 1520 toto

106 1539 188 1604 orbe
202 1538 405 1613 inclaruerat,
423 1537 654 1620 Epicurcomm
669 1538 836 1616 doctrinis,
848 1541 956 1623 potius
969 1555 1064 1624 mam
1075 1543 1231 1609 Barbaro-

107 1645 183 1692 mm
197 1628 299 1712 copiis
313 1631 347 1693 et
360 1625 479 1692 viribus
494 1627 690 1694 dilabebatur
703 1626 758 1714 (a).

153 1717 230 1783 Vll.
252 1717 313 1785 Sed
335 1714 464 1792 trustra,
481 1717 516 1782 in
537 1715 721 1800 Epicureos,
739 1721 773 1783 et
786 1715 941 1801 scepticos
955 1722 1033 1784 tune
1042 1713 1231 1786 Stoicorum

106 1805 234 1870 animus
248 1806 474 1870 insurrexerat.
486 1805 570 1874 llam
580 1806 662 1870 bona
673 1809 707 1871 et
722 1805 804 1871 mala
815 1806 971 1888 corporis,
985 1806 1069 1887 quod
1080 1810 1170 1872 tanta
1182 1812 1231 1873 est

105 1893 251 1959 bominis
267 1912 351 1977 pars,
369 1887 486 1975 agresti
502 1894 637 1976 quadam
651 1893 769 1961 virtute
784 1894 1169 1968 contemnens-virtutem
1182 1895 1232 1978 ip·

104 2000 176 2047 sam
197 1984 293 2048 nimis
307 1983 438 2046 arduam
458 1988 491 2050 et
509 1983 577 2048 lere
596 1983 823 2066 impossibilem
838 1983 1003 2048 efficiebat.
1022 1983 1145 2048 Deinde
1159 1983 1230 2048 iura

105 2077 142 2136 et
158 2073 262 2138 officia
279 2071 358 2137 ideis
372 2075 499 2138 tantum
514 2072 718 2149 metiebatur,
729 2077 762 2139 et
772 2073 838 2138 sola
850 2072 918 2137 lere
933 2071 1034 2137 animi
1048 2072 1178 2137 audacia
1194 2089 1230 2137 ae

104 2161 355 2243 independentia
369 2163 564 2228 coarctabat.
580 2161 642 2229 Sed
656 2160 819 2226 bominem
830 2159 933 2245 ipsum
945 2159 1047 2228 Stoici
1059 2161 1127 2226 Deo
1139 2166 1231 2226 ante-

104 2250 282 2331 ponebant,
299 2268 339 2315 co
353 2250 438 2333 quod
453 2256 567 2316 natura
583 2251 656 2325 iste,
680 2249 735 2314 ille
757 2248 966 2332 acquisitione
987 2267 1024 2314 ao
1046 2251 1162 2315 merito
1178 2267 1227 2314 sa-

103 2338 212 2421 piens.
231 2359 250 2400 a
263 2337 366 2418 Quam
381 2340 537 2404 maximus
548 2338 658 2414 bomo,
672 2339 718 2405 ait
728 2337 858 2414 Seneca,
871 2339 959 2405 inter
969 2339 1124 2403 bumanas
1136 2338 1227 2404 vicis·

103 2426 262 2493 situdines
276 2444 375 2510 aeque
390 2433 538 2494 constans
553 2444 590 2492 ac
604 2427 689 2493 Deus
704 2425 749 2511 all
765 2427 897 2493 »Alibiz
913 2427 1070 2510 alupiter
1080 2427 1147 2511 ipse
1157 2427 1227 2492 diu·
1249 2431 1277 2506 tl
1292 2437 1347 2508 Ep.
1364 2436 1411 2490 53.

104 2516 248 2582 turnioni
258 2518 376 2584 virtute
386 2517 505 2599 potior,
515 2517 570 2582 sed
581 2534 645 2581 non
658 2513 784 2582 teticior
793 2514 837 2599 3).
854 2518 1103 2600 »Prosequiturz
1117 2537 1136 2577 u
1146 2516 1228 2583 Con·
1250 2531 1277 2606 at
1290 2533 1344 2606 Ep.
1364 2530 1408 2587 73.

104 2604 226 2670 temnit
240 2605 363 2690 Iupiter
382 2605 542 2686 passiones
556 2604 736 2683 hominnm,
754 2605 867 2688 quibas
880 2605 945 2670 trui
962 2624 1026 2672 non
1041 2610 1158 2694 potest:
1176 2624 1228 2674 su·

106 2693 222 2774 perior
232 2692 341 2768 homo,
358 2695 414 2776 qui
429 2695 489 2760 sibi
501 2695 594 2760 debet
605 2694 690 2779 quod
701 2711 738 2759 ea
749 2698 945 2772 contemnat,
959 2694 1071 2778 quibus
1082 2695 1145 2760 imi
1156 2703 1229 2778 pos=

105 2785 158 2846 set
174 2778 221 2867 i).
240 2804 258 2844 o
275 2783 353 2864 Quis
367 2783 445 2849 baec
459 2784 629 2850 iactantiae
645 2784 854 2866 deliramenta
869 2801 934 2850 oon
949 2785 1161 2851 misereatur?
1176 2786 1229 2851 ln·
1249 2791 1279 2868 t)
1289 2793 1359 2852 lbld.

105 2887 205 2954 super
220 2869 401 2938 Stoicorum
415 2873 470 2937 illa
485 2872 640 2937 acerbitas
654 2877 749 2956 atque
764 2873 992 2950 inhumanitas,
1010 2873 1162 2958 politicae
1172 2887 1229 2957 po-

104 2959 171 3025 tius
184 2959 397 3045 oppositionis
411 2966 481 3027 erat
495 2961 680 3039 artificium,
694 2980 788 3047 quam
800 2981 928 3030 morum
941 2964 1050 3031 schola
1062 2963 1102 3029 ad
1112 2962 1162 3028 ius
1174 2979 1230 3027 na·

186 3197 226 3272 to)
238 3196 353 3257 Romani
362 3194 531 3269 epicureismi
543 3203 572 3254 et
581 3197 746 3269 scepticisnri
759 3197 962 3269 duplexcausa:¹
975 3196 1073 3270 prima,
1082 3196 1229 3272 potytbeis·

105 3291 174 3332 mus
185 3276 261 3348 quasi
273 3275 391 3331 Deorum
403 3272 513 3328 elirenis
527 3274 688 3347 sensismus,
703 3275 781 3330 cutus
793 3272 920 3331 foeditate
930 3287 1022 3330 mores
1036 3271 1175 3330 hominum
1186 3275 1228 3332 in·

105 3349 277 3420 delebantur,
293 3347 358 3426 dum
374 3347 510 3420 religionis
524 3347 591 3406 tides
603 3365 619 3407 e
632 3349 767 3406 mentibus
780 3349 857 3406 loclle
871 3346 973 3420 abibat3
988 3347 1085 3421 altera,
1100 3350 1228 3408 coniura-

105 3433 201 3484 torum
215 3424 316 3497 studla,
331 3424 388 3498 qui,
404 3424 512 3480 revulso
529 3425 678 3482 Divinitatis
691 3430 765 3482 metu
783 3432 812 3482 et
825 3429 956 3494 corrupta
969 3425 1120 3497 iuventute,
1136 3426 1229 3498 reipu-

105 3502 195 3560 blicae
204 3501 373 3558 eversionem
388 3498 575 3556 moliebantur.
590 3501 669 3556 lianc
682 3501 708 3557 in
717 3501 862 3557 Caesarem
875 3499 984 3570 culpam
994 3505 1135 3573 retorquet
1144 3501 1227 3559 Ville-

105 3578 194 3634 main:
211 3596 224 3628 ι
239 3577 292 3634 Ces
302 3575 400 3646 lennes
414 3575 560 3646 patriciano
573 3573 711 3632 cosmiden
725 3581 753 3634 et
766 3570 965 3648 sanguineum,
980 3591 1028 3634 ces
1046 3575 1182 3634 satellites
1192 3577 1233 3634 de

104 3651 226 3710 Catilina
238 3652 284 3725 qui
297 3651 409 3708 rivaienl
422 3647 491 3707 dans
505 3649 530 3706 la
543 3651 666 3724 pratiquo
680 3650 715 3708 da
729 3657 820 3708 tontes
836 3650 876 3708 les
890 3650 1010 3708 inlamles
1023 3651 1098 3710 etde
1111 3653 1227 3720 tousles

104 3731 221 3799 crimes,
235 3734 265 3784 et
277 3742 330 3800 que
342 3726 383 3784 les
394 3725 539 3783 historiens
553 3741 622 3783 nous
631 3725 822 3798 representem
832 3735 938 3783 comme
948 3727 1101 3785 unebande
1112 3727 1146 3784 de
1157 3730 1227 3786 mal·

104 3805 222 3862 laiteurs
235 3800 369 3860 autorisds
381 3801 450 3858 dans
463 3801 556 3873 Rome,
568 3816 617 3858 ces
629 3801 749 3874 impuros
763 3801 889 3860 beriticrs
901 3803 950 3859 des
964 3803 1027 3874 plus
1040 3803 1161 3860 illustres
1172 3805 1226 3862 Ro·
1322 3859 1325 3866 ,

105 3881 196 3938 mains
210 3875 349 3936 n'avaient
362 3893 412 3948 pas
425 3875 530 3935 d’autre
542 3875 665 3935 doctrine
679 3875 761 3951 qu’on
773 3875 949 3950 epicurelsne
963 3879 1095 3951 grossicr3
1106 3877 1226 3938 elcesar

106 3958 151 4030 qui
164 3956 206 4013 les
220 3952 382 4028 protegeait,
397 3959 426 4012 at
438 3953 484 4025 qui
498 3954 586 4029 voyait
598 3969 633 4010 en
646 3969 698 4010 eur
714 3954 739 4009 le
751 3957 913 4012 semiantro
924 3953 1013 4010 done
1024 3949 1226 4031 tyroontesu·

103 4039 184 4104 tore,
200 4045 230 4088 se
245 4031 328 4088 servit
340 4028 375 4086 de
388 4043 435 4088 ces
449 4025 552 4085 memes
565 4029 689 4100 opinions
700 4027 908 4101 poorde'lendre
919 4028 987 4086 dans
999 4022 1023 4086 ie
1034 4036 1113 4086 senat
1124 4031 1226 4088 romain

105 4107 132 4166 la
144 4105 317 4178 conjuration
330 4110 359 4163 et
372 4119 417 4162 ses
429 4104 515 4172 chela,
531 4103 549 4160 il
561 4102 684 4163 declarat
697 4121 750 4179 que
760 4111 820 4163 tout
830 4106 942 4162 finissait
954 4107 971 4162 d
985 4105 1010 4162 la
1020 4112 1104 4178 mort3
1115 4120 1168 4180 quc
1176 4103 1227 4162 l'a-

103 4199 149 4240 me
162 4189 193 4240 et
208 4183 233 4239 lc
247 4197 328 4254 corps
339 4179 567 4238 s’antanttrsaient
579 4181 596 4238 d
608 4180 636 4238 la
645 4181 706 4253 lois,
717 4186 746 4240 et
756 4178 819 4255 qu’il
833 4179 874 4256 n’y
883 4181 951 4238 avait
965 4195 1002 4237 ao
1017 4179 1052 4238 de
1069 4180 1096 4238 la
1106 4179 1144 4238 du
1154 4183 1226 4238 tom-

102 4259 188 4331 bean,
203 4259 232 4315 ni
245 4256 298 4328 joie
311 4258 340 4314 ni
352 4254 480 4313 doulcur.
499 4257 595 4331 caton,
611 4255 757 4314 dolensem
777 4257 811 4314 de
824 4256 852 4313 la
866 4254 960 4314 liberti
974 4263 1002 4314 et
1015 4257 1065 4315 des
1077 4258 1226 4314 anciennes

103 4350 229 4407 moeurs,
246 4347 378 4404 rapoussa
390 4330 517 4404 l’opinion
530 4331 565 4390 (le
579 4330 691 4390 Cesar.»
708 4332 808 4407 liliam,
823 4332 865 4390 do
879 4331 1097 4404 Polotbetsme.)

180 4410 340 4467 Praeiverat
352 4409 529 4467 Lucretiuszo
542 4408 722 4482 Relllgionum
736 4409 841 4465 animos
857 4408 934 4466 nodis
947 4408 1089 4468 exsolvere
1103 4423 1198 4482 pergo.
1211 4431 1223 4460 l

99 4486 240 4544 valterius
253 4485 359 4542 romani
374 4484 442 4556 neri,
461 4484 510 4545 luit
523 4484 669 4544 tacimus.
685 4485 750 4546 Post
766 4483 892 4545 Numinis
911 4484 1047 4560 irrisores,
1062 4484 1226 4558 populorum

99 4561 292 4622 comulslones
305 4559 347 4620 vel
359 4559 478 4618 Barbari.
1009 4639 1030 4700 2
