3228 5280
437 259 505 328 art
872 271 1032 328 uanam.

394 425 533 509 primum
545 424 640 492 babet
651 425 911 508 aequabilitatem
922 417 1530 514 qmndammagnamqnacareredlo-
1577 417 1578 424 ’

395 515 462 582 tius
476 514 529 580 rix
543 519 676 597 possunt
688 515 793 592 b'beri3
810 515 927 582 deinde
939 512 1184 588 firmitudinem,
1197 511 1284 595 quod
1298 516 1333 578 et
1343 511 1402 589 illa
1418 510 1527 594 prima

395 603 489 670 tacite
503 602 537 669 in
555 603 716 690 connaria
731 605 811 670 uitia
821 606 1121 678 convertuntur‚ut
1132 602 1308 686 arbutea
1322 607 1402 683 rege
1421 599 1530 666 domi·

397 705 467 766 nus,
485 710 526 758 ex
540 692 751 775 optimatibus
767 693 876 770 tactio,
895 711 937 759 er
952 692 1070 777 populu
1085 691 1175 758 turba
1191 689 1404 766 etconiusio;
1424 687 1529 772 quod

397 799 458 862 que
471 781 541 862 ipsa
551 798 669 863 genera
680 784 850 865 generibus
860 799 958 865 saepe
967 784 1206 847 commutantur
1221 777 1322 844 noeis
1332 779 1407 844 lloc
1419 778 1458 842 in
1468 777 1528 842 bac

397 870 506 934 iuncta
520 869 745 953 mamque
765 871 925 954 permixta
944 868 1204 950 conformatione
1213 867 1263 932 rei
1277 867 1443 950 publicae,
1462 884 1526 930 non

398 957 500 1024 terme
514 956 586 1024 sine
599 960 722 1042 magnis
738 960 921 1045 principum
936 959 1024 1046 vitiis
1038 958 1158 1035 evenit.
1173 958 1247 1025 tucn
1260 961 1309 1022 eat
1320 956 1413 1021 enim
1430 971 1527 1020 caram

399 1046 628 1123 conversionis,
636 1047 693 1114 ubi
706 1050 743 1114 in
758 1067 816 1114 eno
831 1049 962 1132 putaque
973 1057 1018 1116 stt
1028 1049 1131 1132 produ
1144 1047 1277 1131 tanam
1287 1045 1481 1124 mucuns,
1495 1047 1526 1108 et

173 1163 198 1236 η
212 1161 279 1220 ibid.
299 1161 343 1219 lt.
400 1153 468 1218 non
488 1135 862 1224 subestquppraecipitet
876 1154 914 1202 ac
928 1131 1055 1204 decidat
1071 1133 1117 1220 l).
1133 1135 1404 1210 alllarerba,ubt
1415 1135 1523 1200 taem

401 1225 533 1308 poaque
547 1233 592 1290 eat
609 1227 713 1310 produ
725 1227 859 1311 flander
878 1225 1060 1302 collocatur,
1075 1225 1214 1290 innuunt
1225 1223 1286 1288 boc
1299 1224 1431 1290 saltem:
1450 1220 1527 1286 reii-

401 1313 514 1379 cienda
530 1331 647 1398 nempe
657 1332 725 1380 esse
739 1316 811 1384 illas
824 1315 944 1380 iurium
952 1313 1196 1404 permixtiones,
1209 1311 1324 1394 quibam
1338 1329 1447 1396 neque
1456 1328 1524 1385 rex,

403 1420 506 1486 neque
519 1403 706 1486 optimates,
725 1405 826 1488 neque
841 1405 988 1488 pupulus,
1003 1401 1284 1483 sucessent'gradu
1296 1401 1442 1491 tirmiter
1457 1399 1525 1466 ccl-

402 1491 514 1667 locazi5
530 1492 576 1560 ita
591 1498 628 1559 ut
643 1493 818 1574 intestinae
829 1493 1042 1572 dissensiones
1056 1497 1090 1558 et
1103 1489 1280 1557 certamina
1290 1487 1386 1560 iacile
1396 1488 1526 1554 oriren-

401 1586 457 1648 tur
482 1599 527 1647 n.
769 1631 775 1640 .
1187 1603 1191 1614 ·
1232 1597 1235 1604 ·

491 1670 572 1738 nu.-
587 1671 653 1739 lsta
668 1690 708 1738 ax
722 1670 1002 1755 praestantissimis
1016 1687 1123 1738 rerum
1138 1668 1339 1752 publicarum
1354 1665 1525 1750 magistris

399 1760 595 1843 decerpsisse
605 1761 738 1838 iuvabit,
755 1766 792 1826 ut
800 1766 927 1834 constet
941 1779 1037 1844 quam
1048 1760 1083 1826 in
1094 1759 1218 1842 optima
1229 1756 1422 1841 inquirenda
1436 1753 1525 1836 regi·

402 1849 525 1914 minum
538 1849 641 1916 terma
656 1850 721 1916 iam
737 1850 866 1915 illorum
878 1849 1102 1916 exercerentur
1111 1846 1260 1930 ingenia.
1276 1849 1361 1920 lmo,
1378 1849 1417 1911 ut
1431 1849 1523 1910 vete·

400 1938 490 2003 riora
501 1938 601 2004 adbuc
609 1941 795 2016 recolamus,
808 1939 1003 2020 nibillcman
1014 1937 1181 2005 iucundius
1188 1942 1285 2019 atque
1291 1933 1418 2009 utilius,
1426 1950 1524 2018 quam

400 2027 458 2092 illa
473 2027 694 2112 disceptatio-a
705 2033 829 2110 septem
841 2029 970 2094 Persiae
977 2026 1187 2110 optimatibus
1197 2024 1319 2101 habita,
1329 2027 1524 2107 usurpatore

292 2116 298 2122 “
401 2116 547 2197 expulso,
560 2117 628 2201 qui,
642 2123 768 2184 mortuo
780 2114 945 2202 cambyse,
956 2117 1125 2202 imperium
1137 2113 1414 2181 invaserat.'llanc
1424 2111 1526 2176 reiert

403 2204 633 2272 historicorum
653 2211 746 2290 pater
759 2207 954 2274 Herodotus.
978 2207 1098 2275 Omnes
1121 2204 1166 2269 ita
1183 2221 1242 2288 pno
1257 2200 1422 2287 republica
1439 2193 1525 2266 locu-

404 2298 457 2360 tus
471 2300 537 2360 est:
1338 2291 1344 2302 ‘

493 2383 588 2449 xlll.
608 2405 626 2444 a
643 2384 744 2454 Unius
758 2383 939 2460 auctoritas,
956 2382 1058 2450 nimia
1073 2386 1106 2448 et
1117 2380 1303 2464 periculosa.
1319 2377 1435 2448 Nostis
1447 2380 1526 2460 quot

404 2470 500 2545 mala,
517 2469 672 2556 cambyse
682 2479 716 2540 et
726 2473 933 2539 audacissimo
945 2471 1130 2556 praesertim
1143 2471 1331 2554 usurpatore
1343 2467 1523 2550 agentibus,

405 2559 489 2641 passi
503 2577 622 2625 snmus.
640 2561 780 2627 Effrenis
795 2567 931 2646 potestas
946 2561 1111 2628 bominem
1124 2562 1172 2626 rel
1183 2557 1459 2641 sapientissimum
1471 2555 1526 2620 de

401 2651 512 2731 pravat
526 2665 562 2713 ac
576 2648 726 2732 suburget
747 2651 782 2714 in
798 2651 1005 2724 tirannidem:
1023 2649 1099 2715 binc
1113 2650 1236 2732 reliqua
1250 2647 1368 2712 lluunt.
1384 2647 1458 2713 ltax
1473 2643 1527 2709 ad-

402 2742 561 2810 versantes
569 2738 633 2802 sibi
644 2738 789 2821 egregins
800 2741 898 2815 cives,
912 2740 959 2805 vel
972 2739 1114 2821 repullit,
1129 2739 1176 2803 vel
1187 2737 1262 2803 odio
1273 2735 1383 2810 nanee
1397 2734 1528 2816 iniquos

401 2830 612 2892 assentatores
635 2823 756 2910 diligit,
774 2829 968 2910 et'cumulat
982 2825 1167 2895 bonoribus.
1184 2827 1295 2908 Neque
1316 2841 1399 2888 unus
1414 2823 1527 2887 omnia

402 2917 462 2994 per
472 2932 506 2980 se
517 2915 603 2980 videt
614 2921 670 2981 aut
681 2919 847 2999 gubernat,
862 2918 949 2984 falsis
967 2933 1061 2999 saepe
1072 2915 1276 2981 relationibus
1286 2913 1337 2980 uel
1347 2912 1527 2978 accusatio-

402 3002 495 3070 nibus
510 3003 687 3087 indulgeas:
707 3007 789 3089 leges
804 3009 920 3073 evertit
934 3023 970 3080 ac
986 3021 1102 3071 mores.
1119 3003 1237 3070 Contra
1248 3000 1431 3090 ‚imperium
1443 2999 1528 3066 obti-

419 3189 422 3195 ·
477 3164 521 3238 iol
534 3168 573 3225 lle
587 3167 613 3225 in
626 3182 656 3224 re
669 3167 785 3225 maxima
797 3167 914 3227 ncalalli
923 3165 1413 3243 contingat,animadvertendumest,
1422 3176 1526 3238 repun-

400 3244 466 3306 tum
481 3249 509 3301 et
521 3248 720 3317 temperatum
733 3245 828 3303 tribua
841 3248 961 3319 opttnue
973 3259 1078 3302 rerum
1087 3242 1279 3317 publicarum
1291 3239 1399 3310 modis
1412 3239 1526 3296 Cicero·

401 3315 429 3373 ni
443 3331 497 3386 non
510 3316 577 3374 illud
588 3334 650 3392 esse
660 3319 802 3392 imperium
818 3321 982 3392 inouointer
990 3335 1071 3394 regas
1080 3320 1260 3390 etnptimatas
1268 3322 1298 3374 et
1306 3314 1440 3394 populum
1447 3329 1525 3370 sum·

399 3405 447 3447 rna
461 3399 581 3463 potestas
600 3393 751 3467 aequaliter
769 3394 955 3452 distrahatur:
965 3395 1021 3452 linc
1038 3395 1109 3452 enim
1124 3393 1205 3450 modo
1224 3407 1312 3467 nequa
1325 3406 1372 3448 rer
1386 3389 1437 3446 sel
1451 3389 1524 3462 opti·

401 3473 491 3524 males
506 3468 548 3525 rel
563 3470 679 3540 popalus
691 3485 744 3527 eun
757 3477 852 3529 essert
863 3469 1101 3546 prndnfirmtter
1116 3467 1263 3527 coltoentt.
1284 3466 1337 3525 Sed
1349 3464 1418 3523 illnd
1432 3465 1524 3536 patim

401 3541 626 3617 intelligendum,
641 3544 725 3619 quod,
738 3561 846 3603 summa
858 3545 992 3618 potestate
1004 3547 1032 3602 in
1045 3546 1167 3631 principe
1177 3547 1311 3620 firmiter
1322 3542 1485 3611 martium,
1496 3545 1524 3596 et

401 3632 452 3674 sua
464 3619 652 3692 optimatibus,
663 3620 754 3693 legum
764 3635 855 3696 ergr.
871 3619 1160 3692 parandarum,offiota
1173 3620 1381 3690 distribuantur,
1393 3624 1423 3672 et
1432 3631 1522 3688 popu·

400 3691 429 3748 lo
445 3706 548 3764 rerum,
557 3710 617 3768 ang.
630 3695 847 3770 municipalium,
856 3698 940 3766 cartis
947 3695 1129 3762 cautionibus,
1142 3710 1210 3752 eura
1223 3694 1416 3753 concredatur.
1431 3693 1456 3748 Δ
1469 3704 1523 3765 qua

401 3766 483 3839 longe
496 3768 626 3826 abhorret
640 3762 791 3845 prudentia,
807 3777 914 3844 prouta
927 3773 1026 3830 nostris
1041 3769 1209 3844 intelligitur,
1222 3785 1338 3844 regnum
1351 3767 1470 3825 mixtum
1484 3764 1524 3821 rel

402 3846 675 3915 repraesentativum,
690 3846 821 3903 distracta
841 3848 866 3905 in
881 3854 973 3919 partes
989 3851 1252 3917 summa‘pctestate.
1272 3843 1411 3919 Siquidem
1425 3841 1522 3899 multi·

401 3917 500 3990 plicata
512 3934 641 3990 suprema
652 3918 698 3976 illa
707 3927 855 3993 potestate,
863 3921 1100 3994 potenadiscnrdia
1110 3936 1158 3979 cor
1167 3923 1257 3994 gentis
1266 3919 1430 3994 ingreditur:
1438 3930 1522 3990 quum

403 4013 417 4044 a
432 3993 530 4050 eodem
544 3993 595 4052 loci
605 4000 772 4068 potentiam
784 4005 813 4054 et
833 3996 1025 4057 eonemdtnm
1038 4013 1099 4056 ease
1117 4017 1128 4048 a
1145 3997 1259 4054 arduum
1274 4010 1383 4066 semper
1401 3992 1522 4050 habiturn

395 4068 480 4126 *luerit
492 4089 507 4120 a
525 4069 842 4143 ll'ac.Auunt.1Vl.ln
855 4073 928 4131 banc
941 4074 1085 4145 parentulis
1094 4071 1259 4145 legislativae
1270 4072 1416 4129 mixturam
1429 4070 1520 4125 inten-

401 4143 469 4203 dens
482 4145 659 4220 Boebmerue,
669 4155 776 4206 verset
788 4150 907 4222 graviter
919 4149 1063 4208 letabatur:
1075 4169 1086 4200 ι
1102 4147 1156 4208 Sed
1169 4149 1192 4204 si
1205 4148 1247 4216 vel
1262 4149 1377 4205 maxima
1391 4143 1456 4202 talis
1467 4143 1519 4200 rei·

396 4220 525 4294 publicae
538 4222 623 4278 inrma
638 4231 729 4280 mente
743 4224 850 4295 concipi
862 4231 955 4299 queat,
964 4230 1055 4284 umen
1064 4222 1154 4302 adbuc
1167 4221 1278 4298 dubium
1289 4227 1467 4293 remanet,an
1477 4224 1520 4274 ta·

402 4295 435 4356 lie
449 4301 586 4355 mistura
594 4297 710 4355 existere
721 4300 806 4371 possit
818 4300 842 4356 in
854 4315 945 4357 rerum
956 4307 1063 4374 natura}
1072 4306 1099 4356 et
1110 4299 1132 4356 si
1142 4301 1252 4373 existat,
1268 4305 1361 4355 atrum
1372 4294 1425 4354 tale
1436 4310 1519 4352 mon·

401 4377 498 4429 rtrum
511 4373 674 4444 reipublicae
688 4380 763 4430 recle
776 4374 930 4445 cohaereat,
945 4383 974 4432 et
988 4391 1022 4432 an
1037 4391 1092 4433 nnn
1106 4375 1195 4447 petius
1210 4374 1368 4448 longissima
1380 4370 1490 4426 aberret
1502 4382 1519 4423 a

401 4447 452 4503 dne
464 4447 626 4580 wipb'biim
638 4449 771 4599 gopemzo,
779 4467 793 4507 a
806 4449 866 4524 lege
878 4456 991 4511 naturae
1002 4472 1013 4504 a
1026 4449 1150 4528 (Introd-
1160 4453 1193 4509 iu
1205 4455 1252 4511 ius
1262 4447 1344 4528 publ.
1354 4447 1446 4514 uuio„
1456 4458 1517 4518 par.

401 4537 621 4598 apen.t.,e.
658 4538 710 4598 ,n.
777 4566 783 4580 .
1102 4533 1104 4537 ’
