3228 5280
477 371 481 380 Ι
564 309 698 360 rrrutus
713 309 785 360 srrr.
1125 288 1188 354 331

111 459 184 522 iure
200 458 337 522 humano
354 455 401 520 uel
413 455 592 530 civili,=siue
603 474 643 522 ex
653 455 878 538 corruptciure
893 455 1000 519 divino
1012 453 1234 540 (Mabumedis-

4 577 6 598 ι
113 565 187 610 mus
199 563 322 628 quoque
337 550 385 610 est
392 544 556 629 corruptio
564 543 644 610 iuris
658 544 887 636 divinit-nulla
896 544 1017 610 eruitur
1030 560 1153 622 norma,
1165 547 1232 609 nul-

4 699 5 702 ,
113 636 225 718 lusque
240 636 331 699 limes
347 633 482 700 cultibus
497 633 730 698 adscribendus.

206 725 266 789 xl.
284 723 369 802 Quid
382 728 455 804 aget
469 722 615 806 princeps
628 723 675 787 vel
686 721 806 789 Status?
817 723 885 788 lloc
896 739 992 786 unum
1005 720 1163 803 reliquum
1174 721 1230 786 ba-

3 843 5 884 ι
113 814 180 886 bet,
189 818 223 878 ut
231 811 449 877 cultumillum
464 829 523 894 pro
540 829 613 876 vero
629 811 822 894 iudicet‚qui
838 829 960 876 exuero
975 816 1008 876 et
1022 809 1148 892 integro
1160 811 1230 876 iure

3 935 5 974 r
113 901 227 966 divino
241 901 284 966 sit
299 901 501 967 constitutus.
518 900 602 968 Nam
616 901 699 966 sicut
713 901 748 966 in
762 902 909 966 omnibus
924 899 1039 966 veritas
1054 902 1231 982 quaerenda

3 1025 5 1064 ;
114 994 177 1064 est,
188 991 233 1054 sic
248 990 500 1056 maximedivina
514 987 721 1071 principibus:
730 998 763 1057 et
778 991 873 1057 sicuti
886 989 988 1054 errori
1002 987 1167 1054 veritatem
1179 1007 1231 1054 ae-
1340 1025 1343 1032 ,

3 1113 5 1156 ς
113 1080 297 1161 quiparare,
308 1078 488 1161 insipientis
504 1078 616 1152 est,sic
632 1077 718 1144 falsis
726 1079 933 1163 religionibus
942 1094 1048 1142 veram
1061 1095 1170 1159 parem
1183 1078 1229 1144 ta·

3 1203 7 1244 ,ι
112 1185 200 1232 cere.
218 1167 286 1232 lloc
302 1185 366 1231 non
382 1168 492 1233 suadet
503 1167 611 1242 modo,
628 1169 683 1234 sed
697 1168 833 1251 imperat
850 1168 898 1234 ius
912 1164 1067 1239 divinum,
1086 1167 1147 1230 nisi
1163 1167 1229 1232 ior·

3 1281 5 1320 t
113 1262 160 1332 te,
169 1255 1132 1341 nouiuribusservandis,sedaverteudisprincipesconstituti
1140 1263 1226 1322 sunt.

2 1384 4 1422 ÷
114 1346 226 1426 Neque
241 1345 368 1420 illi,bae
377 1345 503 1411 ratione
517 1345 598 1412 bunt
606 1347 871 1412 conscientiarum
880 1345 1107 1416 dominatores,
1116 1345 1169 1409 sed
1180 1346 1228 1410 di-

2 1495 3 1514 ,
114 1433 181 1498 vini
193 1435 272 1501 iuris
283 1440 478 1502 executores:
490 1453 553 1499 non
566 1433 628 1516 ipsi
635 1436 756 1500 cultum
763 1435 972 1508 constituunt,
982 1433 1062 1497 seda
1074 1433 1141 1498 Deo
1153 1451 1229 1498 cun-

112 1523 261 1589 stitutum
277 1521 451 1603 accipiunt:
467 1541 524 1588 nec
539 1522 629 1587 illum
644 1524 776 1589 subditis
791 1523 947 1590 violenter
962 1522 1142 1605 imponunt,
1153 1523 1227 1588 dum

111 1611 162 1675 illi
176 1613 237 1678 soli
253 1611 396 1677 veritatis
411 1612 547 1676 bonores
562 1612 743 1679 contemnt.

201 1702 278 1766 llll.
295 1700 507 1766 Haecnullam
525 1701 673 1782 a‘priori,
685 1701 835 1768 detractis
844 1717 957 1782 nempe
965 1699 1223 1778 circumstantiis,

111 1788 343 1856 dubitationem
356 1789 542 1864 admittunt;
555 1791 588 1852 in
602 1788 693 1871 praxi
705 1808 779 1857 vero
791 1809 887 1874 quum
900 1808 962 1854 non
974 1805 1097 1870 semper
1111 1788 1143 1852 id
1156 1808 1227 1872 pos-

1 1924 6 1965 p
109 1878 153 1941 sit
168 1879 238 1943 lieri
253 1879 335 1962 quod
349 1884 399 1944 est
412 1878 644 1958 optimum,sed
660 1877 828 1963 aliquando
844 1879 926 1944 mala
937 1876 1100 1944 toleranda
1115 1878 1181 1942 siut
1193 1879 1226 1942 in
1256 1914 1260 1924 -

1 2014 2 2024 ,
110 1966 252 2042 civitate,
269 1968 315 2031 sic
330 1972 364 2031 et
379 1966 480 2031 cultus
496 1966 545 2030 bis
553 1967 795 2032 conditionibus
810 1967 942 2035 tolerari
957 1970 1100 2048 possunt.

1 2107 2 2140 p
201 2056 232 2120 1.
243 2056 304 2122 Ubi
319 2073 390 2120 vera
406 2056 587 2122 dominetur
598 2056 724 2138 religio,
731 2057 854 2140 publica
868 2057 1009 2121 cultuum
1023 2054 1150 2119 libertas
1163 2074 1226 2120 non

109 2148 159 2208 est
174 2145 371 2211 admittenda
395 2144 456 2207 nisi
471 2145 505 2208 in
525 2150 668 2210 extrema
684 2147 882 2221 necessitate,
906 2145 945 2209 ad
961 2144 1082 2208 maiora
1098 2161 1227 2224 praeca-

110 2233 208 2296 venda
225 2234 318 2298 mala.
329 2234 386 2298 Est
400 2233 487 2298 enim
504 2234 622 2298 malum
639 2252 696 2317 per
710 2253 744 2299 se
756 2234 975 2316 gravissimam
991 2231 1120 2297 libertas
1135 2251 1225 2299 erro-

109 2321 152 2384 ris
169 2322 202 2384 in
219 2323 386 2404 religione,
403 2339 444 2385 ex
457 2340 519 2403 qua
534 2323 642 2388 omnia
657 2329 842 2405 sequuntur.
856 2323 959 2389 Venae
971 2326 1077 2388 autem
1094 2321 1225 2402 religio-

110 2411 158 2475 nis
172 2412 302 2476 criteria
314 2411 392 2475 adeo
405 2411 660 2493 perspicuasunt‚
669 2416 705 2476 ut
716 2411 770 2476 illa
779 2411 1064 2494 pervidere‚iisque
1076 2411 1123 2476 uti
1136 2411 1223 2492 prin·

108 2517 181 2581 ceps
201 2506 355 2566 teneatur.
367 2499 461 2568 Secus
475 2518 545 2566 reus
561 2501 617 2564 fiet
632 2500 711 2564 iuris
729 2501 829 2566 divini
843 2501 931 2565 cuius
945 2499 1112 2582 spernendi
1128 2499 1222 2566 offert

107 2589 393 2670 opportunitatem,
404 2595 437 2654 et
452 2589 529 2652 iuris
545 2589 693 2664 civitatis,
706 2607 723 2654 a
739 2607 800 2671 qua
812 2589 957 2655 scandala
972 2588 1220 2669 etsacrilegina-

108 2679 259 2742 movenda
273 2682 357 2752 sunt,
375 2693 454 2758 quae
469 2677 663 2744 comitantur
678 2680 820 2743 cultuum
837 2677 1027 2743 libertatern.
1045 2675 1129 2755 Quid
1137 2679 1224 2744 enim

108 2783 187 2830 unus
201 2769 313 2844 cultus,
333 2765 394 2829 nisi
411 2767 538 2848 negatio
553 2767 699 2832 alterius?
716 2767 765 2832 Ex
780 2766 941 2831 collisione
960 2773 1065 2832 autem
1081 2770 1113 2831 et
1130 2783 1224 2848 nega-

109 2855 195 2919 tione
211 2856 286 2938 qnid
301 2860 446 2937 superest
462 2855 523 2920 nisi
534 2873 647 2938 purum
664 2855 817 2920 nibilum?
828 2856 933 2924 Nimis
948 2873 1032 2920 vere:
1046 2855 1148 2938 plures
1160 2859 1223 2923 cul·

108 2949 158 3009 tus
172 2945 211 3008 ad
229 2944 348 3012 nullum
362 2943 506 3023 recidunt
516 2945 648 3011 cultum.
658 2944 741 3012 Hinc
754 2945 918 3027 religiosus
930 2943 1221 3022 indifferentismus,

107 3051 170 3116 quo
181 3033 319 3098 civilitas
335 3040 443 3099 nostra
458 3035 498 3100 ad
513 3039 649 3099 mortem
665 3035 861 3099 infirmatur.
1278 3087 1283 3096 .

196 3123 331 3189 illim.
342 3123 491 3188 instituta
501 3125 598 3190 semel
613 3123 740 3189 libertas
756 3124 833 3188 adeo
846 3122 984 3188 fideliter
998 3122 1148 3186 servanda
1161 3130 1221 3198 est,

1 3195 2 3200 ἵ
106 3214 142 3274 ut
155 3212 289 3294 quilibet
312 3214 412 3277 cultus
427 3230 497 3276 suas
512 3212 667 3278 existendi
690 3218 784 3297 utrque
799 3211 912 3294 agendi
928 3209 1067 3276 rationes
1082 3215 1169 3292 petat
1185 3231 1224 3278 ex

105 3301 220 3380 seipso,
240 3320 302 3366 non
319 3300 388 3366 illas
400 3301 546 3385 princeps
561 3303 608 3367 vel
623 3301 730 3368 Status
746 3301 918 3384 imponere,
936 3317 1082 3374 coercere
1099 3300 1146 3364 vel
1162 3299 1222 3366 im-

105 3392 228 3454 mutare
244 3391 368 3457 audeat.
386 3391 438 3458 Sic
457 3391 545 3458 enim
559 3391 599 3454 ab
613 3390 781 3458 bominum
796 3388 1026 3472 superbissimis
1042 3387 1218 3463 illudimur,

106 3482 141 3542 ut
154 3479 293 3543 cultuum
311 3480 429 3544 iactent
442 3480 634 3556 libertatem,
645 3478 720 3542 dum
736 3478 813 3560 ipsis
827 3479 920 3545 liceat
931 3478 1072 3558 diripere
1088 3478 1217 3560 templa,

104 3565 248 3631 docentis
263 3569 311 3633 vel
326 3567 548 3652 praecipientis
563 3566 721 3633 Ecclesiae
737 3566 856 3630 nnllam
868 3566 1027 3631 rationem
1043 3565 1170 3642 babere,
1187 3584 1221 3630 e·

105 3655 153 3718 ius
162 3656 325 3722 ministros
333 3659 381 3723 vel
392 3659 540 3732 cultores,
553 3655 614 3720 nisi
623 3653 792 3737 iniquisvel
800 3651 1011 3720 schismaticis
1018 3651 1137 3734 legibus
1147 3655 1220 3718 sub-

103 3745 253 3820 scribant,
263 3752 299 3812 ut
315 3748 488 3827 perduelles
497 3745 620 3828 patriae
637 3744 785 3809 multare.
796 3743 927 3811 Cessent
940 3743 1043 3824 legum
1053 3748 1086 3807 et
1098 3743 1219 3824 legum-

104 3834 240 3898 latorum
257 3835 432 3902 mendacia:
448 3836 581 3901 cultibus
597 3835 694 3900 libera
709 3834 801 3899 detur
822 3832 955 3898 iacultas
970 3849 1037 3896 sese
1053 3834 1216 3910 exerendi,

106 3923 298 4004 possidendi,
316 3925 461 4000 docendi,
472 3923 678 4008 disceptandi,
692 3922 838 3990 sodalitia
854 3921 1081 3987 constituendi.
1098 3921 1171 3988 Non
1186 3943 1221 3988 o-

104 4012 202 4093 ptima
219 4031 295 4078 sanc
309 4014 500 4098 reipublicae
515 4014 629 4088 torma,
644 4012 677 4076 in
689 4030 750 4096 qua
762 4011 871 4082 eadem
884 4010 953 4075 iura
969 4010 1072 4075 errori
1088 4014 1121 4074 et
1137 4012 1221 4077 veri·

105 4103 163 4166 tati
180 4102 444 4168 adscriberentur:
454 4119 533 4184 quae
548 4107 654 4168 tamen
671 4101 797 4168 veritati
809 4101 954 4167 sufficiat.
966 4098 1059 4179 Quod
1074 4116 1146 4162 cum
1161 4098 1220 4164 bo·

105 4190 205 4254 mines
221 4191 324 4255 eidem
341 4191 454 4255 intensi
467 4189 588 4272 optime
600 4191 759 4264 noverint,
774 4191 953 4258 libertatem
970 4188 1168 4271 praedicant,
1187 4195 1219 4252 et

106 4281 303 4361 tyrannidem
320 4285 481 4344 exercent.
556 4351 561 4358 ,

207 4369 295 4435 xlv.
316 4367 348 4433 3.
366 4369 470 4448 Quum
487 4367 526 4431 ad
542 4366 707 4432 veritatem
724 4372 818 4450 atque
830 4367 986 4432 unitatem
1002 4365 1121 4447 aspiret
1142 4382 1219 4446 gens

104 4457 262 4538 bumana,
272 4462 431 4524 rectorum
447 4463 552 4523 autem
567 4455 609 4521 sit
623 4455 761 4522 cilicium
778 4461 924 4521 naturam
935 4453 1024 4535 sequi
1039 4457 1072 4518 et
1088 4455 1219 4537 pertice·

103 4565 148 4623 re;
160 4545 344 4614 diviuoiure
357 4551 506 4614 tenentur
517 4563 623 4612 rerum
637 4544 832 4627 publicamm
839 4545 1066 4620 moderatores,
1077 4561 1151 4610 vero
1160 4544 1219 4610 Dei
