3222 5282
391 609 663 766 LEGTnglMIS
689 685 736 764 IN
761 685 876 764 URBE
957 619 959 624 Ι

254 883 390 1042 auitas
420 947 665 1046 NATURAE
696 959 763 1042 ΕΤ
793 958 1020 1046 GENTIUM

504 1241 768 1312 caublbaais.

188 1818 307 1885 Eadem
328 1818 428 1884 animi
443 1821 599 1886 suavitate
620 1818 749 1902 scriptis
766 1836 822 1885 vos
837 1819 989 1902 alloquor,
1008 1821 1088 1886 iuris
1103 1820 1219 1889 Gandi-

95 1927 162 1994 dati
177 1926 439 2010 ingeniosissimi,
456 1943 517 2009 qua
533 1930 566 1993 et
582 1928 616 1991 in
633 1925 927 2012 frequentissimum
946 1931 1150 2010 conspectum
1165 1948 1219 1998 vc·

94 2038 196 2101 strum
205 2032 346 2116 prodire,
357 2038 390 2098 et
399 2033 512 2100 vestris
521 2017 681 2099 amicitiae
689 2037 784 2114 atque
795 2031 1006 2098 humanitatis
1015 2033 1129 2099 officiis
1140 2053 1224 2117 quo-

99 2137 179 2205 tidie
194 2136 328 2220 pertrui,
347 2137 428 2202 mihi
444 2155 570 2219 semper
586 2135 847 2203 iucundissimum
863 2136 925 2203 iuit
942 2153 979 2202 ac
994 2137 1223 2206 desideratissi-

103 2261 202 2307 mum.
219 2242 305 2308 Haec
320 2247 426 2310 autem
441 2259 521 2327 quaa
536 2242 698 2308 communi
713 2242 819 2309 studio
835 2246 930 2330 atque
945 2244 1114 2326 diligentia
1134 2246 1222 2312 inve·

95 2349 212 2424 nimus,
227 2349 275 2414 vet
287 2349 401 2415 saitem
415 2348 671 2433 perquisivimus,
682 2349 806 2414 nomini
818 2352 924 2415 vestro
937 2350 1143 2432 nuncupanda
1155 2354 1223 2416 exi·

94 2450 235 2526 stimavi,
253 2459 290 2518 ut
306 2471 400 2535 quam
418 2455 526 2535 gratus
542 2471 594 2517 me
608 2458 717 2519 teneat
729 2452 829 2517 animi
841 2469 950 2517 sensus
965 2453 1112 2535 apprime
1127 2453 1222 2520 intet-

94 2555 252 2638 iigeretis,
263 2557 429 2638 mutuique
441 2555 560 2620 amoris
571 2557 697 2639 signum
710 2571 746 2620 ac
757 2556 854 2621 vetuti
865 2560 1110 2630 sacramentum,
1124 2557 1222 2622 fixum

93 2662 263 2741 ratumque
279 2662 493 2740 permaneret.
514 2658 648 2725 Interim
664 2675 729 2737 vos,
745 2672 824 2740 opus
839 2659 1020 2724 universum
1036 2665 1069 2726 et
1081 2678 1161 2742 quae
1172 2659 1223 2724 itii

93 2770 186 2830 erant
202 2763 450 2847 praemittenda,
468 2771 600 2847 experta
615 2764 681 2830 iam
697 2764 895 2848 benignitate
919 2763 1094 2851 libentique
1110 2767 1217 2832 animo

93 2867 242 2953 accipite.
1059 2947 1063 2954 ,

184 2971 393 3040 Nobilissima
409 2975 503 3054 atque
519 2972 715 3056 amplissima
732 2972 873 3049 nomina,
886 2972 914 3036 si
926 2972 1161 3052 consocientur,
1173 2991 1223 3041 ms

95 3079 128 3140 et
145 3089 292 3141 unauna:
310 3073 424 3158 quibus
440 3073 505 3138 ima
521 3073 652 3139 summis
676 3077 895 3150 consemntur‚
914 3073 1060 3139 homines
1082 3092 1155 3140 vero
1172 3090 1224 3139 ae·

96 3181 210 3240 ternae
225 3176 300 3258 tegis
315 3193 352 3240 ac
367 3175 535 3253 bonitatis,
547 3176 670 3264 Deique
683 3176 785 3258 ipsius
799 3175 940 3257 imagine
955 3180 1111 3257 augentur
1125 3180 1158 3241 et
1170 3175 1224 3239 de-

96 3283 259 3345 rorantur.
269 3279 353 3349 Nam
364 3280 439 3346 dum
457 3281 577 3363 reliqua
595 3281 705 3348 omnia
720 3281 754 3344 in
767 3275 878 3375 terris,
889 3279 957 3361 lege
969 3283 1100 3344 externa
1112 3279 1163 3361 agi
1176 3285 1224 3345 at-

95 3401 156 3466 que
172 3383 212 3449 ad
228 3384 327 3450 finem
342 3401 530 3467 properare,
548 3390 748 3469 compertum
764 3381 926 3459 babemus;
943 3382 1053 3461 homo,
1073 3385 1155 3465 quod
1172 3403 1224 3450 ra-

96 3489 208 3564 tionis,
226 3489 292 3555 sive
306 3491 385 3554 iuris
400 3497 433 3556 et
447 3491 526 3572 tegis
541 3496 589 3557 est
605 3490 776 3573 particeps,
794 3490 879 3555 solus
895 3489 961 3572 ipse
977 3488 1011 3552 in
1028 3490 1224 3556 consortium

97 3595 146 3656 est
161 3589 263 3656 elatus'
274 3591 473 3658 Divinitatis.
484 3592 577 3673 Quod
589 3592 749 3659 etTullius
763 3591 990 3674 gratulabatur,
1005 3608 1067 3655 una
1080 3591 1156 3668 iam,
1167 3611 1224 3676 per

95 3692 596 3770 iuriscommunionem,aivitate
604 3694 779 3760 constituta
790 3691 958 3758 hominum
967 3696 1061 3774 atque
1070 3692 1222 3770 Deorum;
1315 3713 1327 3732 s

93 3796 246 3879 idemque
261 3800 374 3880 poetae
385 3803 620 3880 expresserunt,
628 3796 777 3866 Numinis
785 3796 999 3878 praesentiam
1011 3797 1118 3880 potius
1129 3815 1225 3879 quam

97 3901 242 3966 afflatum
258 3902 291 3964 in
307 3901 436 3966 homine
452 3903 624 3983 prosecuti:
640 3923 658 3964 a
673 3902 820 3969 iustitiae
831 3901 1176 3984 consors‚tacitumque
1188 3901 1222 3966 in

96 4010 229 4088 pectore
244 4006 369 4073 Numen
387 4005 429 4090 1).
451 4030 468 4070 u
485 4005 564 4074 Cum
579 4007 681 4089 igitur
695 4013 827 4073 naturae
850 4007 960 4072 datum
985 4005 1081 4080 toret,
1101 4024 1189 4071 suam
1206 4025 1223 4073 a
1262 4022 1343 4098 qsu,
1358 4027 1401 4083 u,
1416 4027 1433 4084 ι,

95 4109 168 4172 iure
182 4108 327 4174 increato
343 4107 472 4175 haurire
486 4111 688 4193 dignitatem3
706 4111 745 4175 ub
760 4110 818 4174 illo
833 4111 994 4186 recedens,
1018 4109 1051 4174 in
1068 4127 1157 4175 suam
1170 4129 1225 4178 na·

93 4213 232 4278 cessario
248 4214 493 4296 compelleretur
506 4215 737 4298 paupertatem.
756 4216 845 4296 Quae
860 4233 933 4281 cum
948 4214 1126 4281 certissima
1141 4215 1219 4293 sint,

27 4397 31 4406 ³
94 4317 323 4383 tractationem
340 4318 378 4383 de
391 4318 462 4383 lure
473 4319 614 4386 Naturae
630 4324 662 4385 et
674 4317 826 4386 Gentium
841 4321 1031 4404 suscepturi,
1042 4337 1121 4402 quae
1132 4338 1222 4402 prae-

96 4441 171 4488 sens
187 4423 227 4487 ad
243 4422 313 4486 iura
328 4423 481 4498 increata,
493 4427 562 4490 tum
573 4424 729 4491 scientiae
738 4424 832 4492 buius
844 4430 983 4504 nostrae,
995 4431 1062 4493 tum
1077 4427 1220 4510 gentium

92 4529 134 4595 sit
150 4527 308 4604 conditio,
327 4528 433 4596 sedulo
451 4533 500 4597 est
517 4529 785 4612 perspiciendum.
