3238 5282
574 351 808 406 rrruuusxvrr.
1139 327 1203 394 211

125 498 289 578 iubebant,
304 504 348 566 ut
355 481 477 582 argutis
491 501 616 568 vocibus
631 481 712 568 alios
725 499 910 575 recreando,
925 497 1043 564 victum
1054 493 1116 559 sibi
1127 497 1160 560 et
1172 509 1249 582 opes

125 593 289 670 pararent.
299 588 389 654 llanc
401 596 533 656 natiuae
545 590 710 669 iniuriam,
720 596 791 675 post
802 589 894 664 alios,
904 584 1153 670 sapientissimus
1165 584 1249 649 Pon-

126 677 207 744 triex
222 677 411 744 Benedictus
425 679 503 747 xlv
520 679 724 760 damnaverat
742 679 785 762 l).
803 677 907 747 Moris
922 675 1010 742 enim
1024 678 1107 740 esset
1121 689 1250 756 corrup-
1271 660 1475 799 Damna}

1394 781 1414 815 .,
1470 781 1476 796 .

123 765 255 841 tissimi,
275 773 408 834 naturae
422 769 762 835 extinctione-auribus
777 765 942 833 oblectari
1271 815 1319 891 xl,
1331 831 1357 872 ο,
1370 815 1396 890 l,
1407 831 1435 872 ῃ,
1449 818 1474 872 l.

214 853 290 922 XV.
307 855 470 932 Ceterum,
486 857 626 924 hominis
641 860 739 925 vitam
753 877 810 924 suo
820 859 905 923 Deus
918 851 1056 938 imperio
1072 853 1149 917 adeo
1163 869 1251 916 com·

123 943 276 1020 munivit,
293 944 440 1028 tantique
454 946 544 1021 lecit,
564 948 648 1012 utin
664 953 808 1014 extrema
825 945 1012 1013 necessitate
1028 941 1143 1025 ipsam,
1165 941 1201 1005 in
1216 959 1251 1006 se

101 1043 103 1047 '
122 1033 272 1115 aliisque,
298 1035 401 1100 aliena
416 1053 477 1118 ope
491 1037 793 1112 sustentare‘liceat3
816 1041 849 1102 et
863 1035 1009 1118 iniquum
1033 1047 1250 1114 aggressuram

123 1139 191 1186 non
207 1122 350 1198 honeris,
362 1142 425 1190 non
438 1141 545 1190 rerum
560 1127 798 1208 temporalium,
808 1125 863 1191 sed
876 1125 970 1197 ritae,
981 1120 1079 1205 ipsius
1090 1120 1189 1185 etiam
1200 1120 1250 1186 in-

122 1212 310 1277 ternecione
324 1215 492 1296 repellere,
509 1231 618 1280 exsors
631 1216 742 1299 cnlpae
756 1214 971 1282 communiter
984 1210 1150 1276 habeatur.

216 1300 308 1366 XVI.
325 1301 482 1378 Primum,
499 1303 574 1386 quia
588 1322 661 1369 cum
676 1297 839 1388 proximus
855 1319 963 1388 rerum
978 1304 1157 1366 creatarum
1177 1299 1251 1363 linis

118 1389 166 1454 sit
177 1389 343 1455 hominum
355 1390 454 1457 vitam
466 1391 655 1475 ubicumque
667 1393 743 1459 haec
755 1392 968 1476 periclitetur,
979 1389 1026 1455 ius
1038 1387 1200 1453 enascitur
1210 1387 1249 1452 ad

120 1477 253 1543 illarum
264 1497 371 1545 nsum.
389 1479 507 1559 Quare,
524 1481 668 1558 hostibus
683 1487 717 1547 te
732 1481 771 1548 od
787 1485 927 1547 mortem
942 1475 1182 1564 insequentibus
1191 1493 1249 1552 re·

118 1571 174 1632 cte
189 1567 294 1632 alieno
308 1586 390 1651 aqum
405 1569 522 1635 uteris:
533 1571 704 1636 dummodo
719 1571 751 1638 1.
771 1571 882 1637 eadem
897 1567 1084 1634 necessitate
1100 1565 1249 1629 domiuus

120 1673 189 1720 uon
205 1661 367 1738 urgeatur,
378 1663 426 1724 est
440 1658 527 1724 eninr
542 1657 650 1743 potior
664 1659 808 1726 conditio
821 1655 1023 1743 possidentis;
1033 1656 1066 1720 2.
1085 1671 1188 1737 neque
1202 1655 1250 1718 al·

120 1743 190 1810 teri
201 1744 321 1810 iniuria
333 1746 504 1824 inferatur,
518 1754 596 1830 puta
608 1750 814 1816 innocentem
825 1745 1019 1815 conterendo
1031 1743 1085 1827 qui
1097 1743 1249 1827 perviam

118 1834 369 1916 transgreditur,
387 1836 504 1920 quique
518 1837 614 1921 pleno
630 1838 731 1904 utitur
747 1840 817 1903 iure
833 1839 871 1902 ad
889 1837 1000 1912 vitam,
1020 1851 1039 1898 a
1055 1832 1184 1898 nemine
1199 1831 1251 1898 in-

118 1921 304 2012 fringendo.
322 1923 356 1992 si
371 1941 470 2007 equus
485 1927 634 2008 supersit,
652 1926 814 2004 restitues,
832 1931 942 1994 exacta
958 1921 1157 1989 necessitate:
1175 1937 1249 1986 nam

118 2029 198 2078 cum
212 2011 273 2076 ista
288 2012 402 2078 linitur
417 2013 477 2078 lus.
492 2014 527 2080 Si
542 2017 695 2092 intereat,
709 2016 885 2082 etvaliunde
900 2014 1027 2089 habeas,
1041 2010 1139 2078 alium
1155 2011 1250 2076 resti·

107 2106 206 2184 tues:
224 2101 346 2167 etenim
360 2102 510 2169 dominus
525 2121 564 2171 eo
580 2122 654 2170 casu
670 2123 733 2170 nou
749 2104 918 2170 tenebatur
933 2102 996 2168 nisi
1012 2101 1051 2167 od
1066 2100 1249 2186 cpmmoda-

118 2196 205 2256 tum.
228 2188 262 2256 si
279 2209 343 2255 non
358 2191 474 2257 habeas
489 2192 528 2257 ad
544 2193 626 2258 nihil
642 2193 776 2270 teneris,
802 2211 900 2278 quum
916 2192 1024 2258 omnia
1048 2189 1087 2256 ad
1103 2189 1249 2260 omnium

120 2280 239 2353 vitam,
256 2278 292 2343 in
307 2285 450 2346 extrema
466 2282 668 2357 necessitate,
687 2300 705 2346 a
721 2287 835 2352 natura
850 2286 963 2365 parata
977 2280 1043 2346 sint
1057 2274 1112 2366 (a).

213 2365 321 2437 xv11.
339 2368 499 2446 Alterum,
523 2371 605 2437 idest
620 2371 719 2438 vitam
734 2373 818 2437 tueri
833 2388 906 2436 curn
922 2369 1035 2440 iniusti
1049 2367 1245 2451 aggressoris

10 2523 11 2526 ,
117 2455 296 2534 occisione,
305 2476 404 2544 quum
415 2458 480 2524 iam
492 2459 554 2525 alio
567 2477 631 2525 nun
643 2465 751 2543 pateat
762 2457 872 2525 salutis
885 2458 1051 2534 via,umni
1063 2474 1187 2539 quoque
1198 2455 1248 2520 iu·

10 2577 11 2596 r
120 2563 158 2611 re
175 2547 338 2628 probatur.
355 2547 413 2613 Est
428 2548 516 2614 enim
532 2550 609 2615 iuris
623 2549 768 2625 clintum,
791 2549 876 2633 quod
887 2567 932 2614 ex
948 2548 1017 2630 lege
1031 2547 1097 2614 llll
1111 2543 1247 2610 Tabula-

119 2653 196 2700 rum
211 2636 317 2703 alebot
331 2634 443 2703 Cicero
459 2655 518 2720 pro
531 2638 666 2706 Milone:
679 2658 696 2698 r
710 2637 778 2704 lloc
794 2643 828 2703 et
842 2637 925 2703 ratio
939 2635 1054 2711 doctis,
1067 2639 1100 2700 et
1113 2633 1251 2699 necessi·

11 2755 12 2796 r
120 2729 173 2790 tas
190 2724 345 2800 barbaris,
363 2731 395 2792 et
410 2743 480 2791 mos
495 2727 652 2809 gentibus,
671 2731 704 2794 et
720 2726 798 2793 ieris
814 2731 926 2792 natura
942 2724 1012 2809 ipsa
1028 2723 1246 2807 praescripsit,

121 2819 159 2879 ut
171 2830 302 2880 omnam
312 2811 437 2899 semper
449 2815 526 2890 aim,
540 2833 736 2899 quacumque
748 2834 810 2900 ope
821 2819 963 2897 possent,
978 2829 1156 2895 acorpore,
1167 2830 1186 2877 a
1196 2829 1250 2878 ca-

121 2903 205 2986 pite,
220 2919 239 2967 n
254 2903 320 2971 vita
333 2921 388 2970 suo
404 2904 641 2987 propulsarent.
655 2905 779 2970 »Vitae
794 2901 882 2970 enim
898 2908 971 2970 tuae
987 2902 1099 2985 iniquo
1115 2901 1250 2984 praedo-

121 3011 165 3056 ue
181 2991 336 3069 instante,
351 2992 415 3058 duo
430 2993 513 3068 iura,
529 2992 610 3058 duae
626 2994 710 3060 ritae
725 2997 932 3059 concurrunt.
946 2992 1111 3072 Quaenam
1126 2989 1250 3072 potior?

121 3081 192 3148 Tua
208 3097 249 3145 ne
265 3099 305 3146 au
320 3081 503 3166 praedonis?
525 3083 605 3148 Tua:
624 3101 698 3148 nam
713 3081 774 3149 titi
790 3082 975 3147 innocentia
995 3079 1198 3160 suffragatur,
1209 3080 1251 3162 et

121 3169 266 3234 charitas
281 3169 396 3253 incipit
411 3189 430 3236 a
445 3176 478 3237 te
493 3170 578 3254 ipso,
601 3190 673 3238 cum
690 3172 851 3238 neminem
868 3171 936 3255 plus
951 3187 1046 3253 quam
1066 3173 1099 3234 te
1114 3167 1249 3248 diligere

121 3253 277 3335 tenear'is;
293 3275 456 3343 aggressor
470 3279 546 3326 vero
560 3261 595 3325 iu
610 3262 688 3326 illud
704 3279 738 3327 se
752 3261 924 3327 discrimen
938 3255 1151 3331 coniiciendo,
1165 3256 1250 3322 vitae

121 3363 203 3412 suae
222 3347 293 3412 iur'e
306 3347 452 3432 delapsus
473 3355 652 3417 censeatur.
670 3352 783 3434 ntum,
807 3351 835 3414 si
851 3349 961 3432 potior
975 3347 1041 3412 rita
1056 3345 1249 3417 innocentis,

122 3452 221 3520 quam
232 3436 415 3518 praedonis,
423 3438 493 3506 inre
503 3457 629 3522 quoque
641 3440 779 3521 parenti,
789 3437 1020 3512 amico,vel,ut
1032 3433 1165 3518 plurimi
1176 3451 1251 3498 cen-

121 3527 209 3600 sent,
227 3526 393 3594 innocenti
406 3527 577 3609 cuiquem
593 3532 735 3593 extrema
752 3527 1038 3602 necessitate,cum
1055 3522 1251 3606 aggressoris

123 3627 207 3678 nece
217 3615 424 3684 succurritur.
448 3617 561 3698 Neque
576 3617 778 3682 auctoritatis
792 3617 938 3702 publicae
956 3616 1027 3680 iura
1042 3615 1248 3692 usurpantur,

124 3719 199 3768 cum
210 3702 257 3770 ita
269 3703 436 3774 immineat
448 3722 546 3781 mors,
559 3709 594 3770 ut
604 3705 699 3770 huius
709 3705 909 3790 aliorumque
924 3703 1042 3769 civium
1056 3701 1251 3782 implorandi

124 3790 261 3860 subsidii
275 3791 408 3862 incultas
422 3813 486 3859 non
501 3795 556 3860 sit.
574 3793 743 3878 luctanti
758 3799 807 3860 est
823 3795 900 3869 vita,
914 3798 949 3858 ut
962 3792 1011 3858 vel
1026 3793 1062 3856 in
1078 3808 1151 3855 eum
1167 3788 1259 3878 tucri·

124 3881 230 3963 possit
241 3882 311 3966 qui,
327 3900 384 3968 per
397 3899 540 3950 errorem
556 3884 605 3949 vel
620 3883 807 3958 amentiam,
829 3883 919 3947 illam
935 3880 1151 3965 aggrediatur.
1170 3879 1253 3946 Nam

126 3971 243 4037 sufficit
252 3971 338 4056 quod
349 3971 443 4039 alteri
459 3989 523 4036 non
539 3972 582 4038 sit
597 3974 646 4038 ius
658 3973 696 4037 ad
708 3970 1033 4046 occidendum,alteri
1047 3986 1121 4034 vero
1135 3967 1254 4033 nonsit

126 4057 284 4141 obligatio
295 4060 336 4128 ad
347 4066 484 4128 mortem
496 4059 615 4128 trustra
630 4062 835 4127 subeundam.
844 4061 901 4128 Est
911 4066 1018 4126 tamen
1032 4058 1081 4123 ius
1094 4074 1255 4140 ncnprae·

186 4234 227 4308 (a)
241 4237 325 4306 Aiunt
337 4235 416 4312 vulgo
426 4235 565 4296 doctores:
575 4239 602 4296 in
612 4244 735 4314 extrema
748 4238 924 4310 necessitate,
934 4237 1097 4309 primaevam
1111 4231 1255 4290 revivisce·

128 4321 160 4368 ra
173 4325 268 4368 rerum
285 4314 512 4386 communionem,
527 4329 608 4388 quam
626 4319 797 4389 cepaticum
811 4313 958 4385 appellant.
975 4313 1033 4370 Nou
1054 4309 1185 4381 probatur
1206 4323 1256 4363 na-

129 4385 171 4442 bis
186 4385 233 4444 illa
245 4387 357 4462 locutio,
369 4404 453 4463 quum
467 4392 591 4465 negativa
604 4390 770 4464 communio,
779 4390 974 4447 communionis
988 4387 1093 4460 negatio
1107 4386 1153 4441 sit:
1167 4397 1254 4454 neque

130 4461 158 4517 in
168 4461 225 4520 ulls
238 4462 344 4535 possint
356 4480 419 4523 essa
431 4467 623 4526 communione
634 4483 679 4524 ras
689 4464 883 4524 vereaulttur.
892 4463 973 4521 Nulla
983 4463 1066 4535 igitur
1075 4473 1168 4516 rerum
1179 4472 1257 4542 com·

105 4605 109 4610 ¹
131 4537 233 4606 monio,
245 4538 295 4596 scd
306 4542 397 4611 potior
409 4540 661 4600 aestimaremus
672 4536 1134 4613 communicataequaliscapacitas
1145 4530 1252 4590 vallos.

132 4613 188 4689 lus,
203 4615 327 4692 inquam,
340 4617 489 4678 immanens
500 4618 528 4677 lu
539 4624 645 4694 natura,
659 4635 719 4677 cum
732 4616 764 4675 de
776 4617 829 4676 rita
840 4616 930 4690 agitur
948 4611 1081 4673 servanda
1092 4608 1135 4670 vel
1145 4607 1244 4667 tuenda
