3228 5280
429 267 496 338 eat
861 286 1020 339 nisenus.

384 436 481 513 diois,
500 451 593 500 ceros
607 432 901 516 responsabilitotis‚
910 429 1087 499 'honestetis
1101 447 1255 514 ueraeque
1268 431 1433 511 libertatis,
1450 449 1513 497 ear-

383 525 506 606 psditoe
520 531 613 605 atque
630 523 843 588 oeconomicus
866 523 1089 603 simplicitatis:
1105 521 1220 586 adeoui
1235 521 1339 587 torma
1358 523 1440 587 haec
1457 537 1513 586 ro-

385 612 528 695 giminis,
541 615 620 694 quae
631 611 824 694 reliquarum
833 611 968 677 virtutes
982 609 1172 694 speculative
1183 610 1333 694 colligere
1344 611 1509 684 videatur,

383 700 523 784 practice
536 699 679 764 omnium
690 701 768 767 vitia
777 700 953 782 collegerit,
965 701 1102 764 maxima
1113 716 1219 772 usura.
1230 717 1289 764 uec
1300 699 1435 764 minima
1448 717 1513 780 po-

383 788 531 870 pulorum
547 788 746 868 infelicitate.
761 789 870 854 Primo
886 787 994 870 itaque
1008 788 1129 853 deictus
1143 787 1289 854 unitatis.
1305 785 1388 853 Noni
1403 805 1509 869 quum

383 867 445 941 duo‘
460 877 528 942 sint
539 876 676 958 imperia
692 877 726 941 in
743 877 892 960 imperio,
910 876 1026 958 popuii
1045 881 1078 942 et
1093 876 1189 958 regis,
1207 877 1309 942 nulius
1322 877 1385 941 erit
1402 869 1512 940 luctae

383 965 470 1042 bnis,
487 965 523 1029 ni
538 965 619 1030 aiter
633 965 767 1032 alterum
783 961 1042 1053 supergrediatur
1052 961 1105 1051 (a).
1116 965 1265 1040 Deiectus
1280 968 1385 1030 autem
1402 964 1512 1029 siuce-

383 1053 492 1120 ritatis
507 1054 619 1120 vitium
635 1058 683 1120 est
694 1055 841 1136 originis.
851 1053 916 1134 Qui
926 1054 1014 1118 enim
1025 1054 1327 1128 animadverterant,
1337 1053 1512 1136 concupita

383 1141 443 1206 sihi
451 1142 641 1234 imperium
649 1143 853 1232 amplissimis
864 1142 1022 1224 gentihus,
1031 1143 1273 1240 nequeoritura,
1282 1143 1333 1208 vel
1343 1147 1512 1207 certonon

382 1247 598 1314 permansura,
612 1237 748 1315 systema
759 1233 949 1298 invenerunt
960 1248 1023 1314 quo
1035 1231 1125 1312 regio
1136 1231 1237 1296 adhuc
1249 1231 1379 1296 nomine
1389 1235 1426 1294 et
1436 1247 1512 1312 spe-

382 1318 432 1384 cie
446 1324 622 1388 uterentur.
636 1320 727 1386 Unde
742 1337 800 1386 rex
814 1325 863 1386 est
877 1319 1081 1394 constitutus,
1091 1319 1147 1403 qui
1161 1311 1277 1405 tepeat,
1293 1319 1341 1385 vel
1355 1318 1508 1401 gaudeat,

383 1412 417 1474 et
432 1422 496 1472 non
504 1409 663 1492 pubescet:
670 1409 735 1490 eius
745 1408 868 1475 scilicet
880 1407 1023 1483 nomine,
1033 1421 1122 1472 rnero
1131 1407 1416 1495 inquamnomine,
1433 1407 1511 1471 uni-

382 1513 471 1565 versa
486 1501 679 1579 peragantur
693 1496 742 1583 (b).
1055 1573 1059 1582 Ι
1101 1573 1104 1576 ,
1279 1566 1283 1572 ,

470 1585 530 1650 tv.
549 1585 610 1652 Sed
626 1586 758 1670 populus
772 1605 910 1669 quoqne,
926 1584 1040 1660 eodem
1054 1581 1249 1651 sinceritatis
1264 1583 1402 1659 deiectu,
1418 1584 1507 1650 ficti-

381 1672 445 1738 tius
460 1677 555 1756 atque
563 1674 723 1756 impotens
738 1693 796 1741 rex
806 1675 1014 1741 constituitur
1024 1673 1221 1762 comoediam
1237 1691 1346 1756 agens,
1363 1689 1508 1756 reponas

381 1766 414 1826 et
423 1780 487 1826 non
495 1764 685 1844 wacena.
696 1764 806 1829 Primo
821 1761 908 1828 enirn
920 1761 1170 1845 eligitiguorans
1179 1762 1400 1844 veldeceptus:
1411 1761 1511 1842 igno·

380 1866 467 1924 rans,
477 1851 551 1931 quia
566 1870 637 1918 cunr
653 1869 717 1926 non
729 1852 889 1934 quaelihet
899 1853 990 1933 regio
1006 1850 1089 1914 viros
1109 1850 1192 1916 ierat
1203 1851 1378 1932 eligendos,
1393 1849 1511 1914 salira-

380 1942 473 2019 gatur
487 1938 542 2003 iile
558 1941 690 2022 ignotis,
708 1939 797 2006 ialsis
811 1946 846 2009 ut
862 1940 1033 2030 plurimum
1049 1937 1178 2004 innixus
1198 1938 1511 2011 rumorihusadcce-

380 2029 454 2106 ptus
469 2030 575 2092 autern
600 2045 618 2092 a
634 2027 775 2094 factione
797 2045 879 2111 quae
895 2028 1183 2114 tribunisgaudeat
1205 2026 1444 2111 loquacioribus
1459 2028 1510 2092 vei

380 2112 589 2196 felicioribus.
606 2115 674 2182 Nec
688 2116 802 2181 desunt
818 2116 938 2193 minae,
955 2113 1077 2199 quihus}
1089 2115 1308 2180 honestissimi
1323 2131 1511 2180 removean-

380 2206 446 2266 tur.
456 2200 579 2272 Deinde
590 2197 705 2285 quotus
716 2204 849 2286 quisque
860 2204 1050 2287 estpopqus
1061 2203 1198 2286 eligens?
1212 2204 1510 2287 Negaturcommu-

382 2288 468 2391 niteq
475 2290 658 2374 suffragium
668 2291 858 2369 universale,
867 2296 942 2375 quia
948 2291 1110 2374 difficilius
1122 2291 1425 2375 universuspopulus
1437 2309 1509 2356 cor·

380 2379 1509 2552 teitauntaeneecautcntouaunttu

380 2556 584 2636 pauperiores
598 2557 684 2632 sunt,
702 2575 808 2623 nonne
820 2559 958 2627 maxima
969 2557 1078 2643 popuii
1089 2557 1177 2638 pars?
1191 2556 1235 2624 Ut
1245 2557 1321 2641 quid
1332 2556 1508 2644 igiturpo-

377 2639 596 2728 puli-iactatur
611 2646 797 2730 imperium?
811 2647 880 2717 Hoc
891 2651 997 2720 autem
1012 2645 1276 2752 irrationabilius,
1292 2645 1378 2729 quod
1391 2663 1506 2711 oemio

456 2840 495 2916 iot
507 2843 772 2918 praeterquamquod
784 2845 839 2904 duo
852 2844 963 2918 irnperio
976 2843 1112 2922 begunim·
1123 2843 1244 2914 instato,
1255 2837 1359 2916 popuii
1371 2844 1402 2897 et
1413 2843 1507 2914 repis,-

379 2915 433 2974 dno
445 2918 562 2977 absurda
575 2926 713 2992 ponuntur
726 2923 752 2977 in
766 2919 876 2995 populo,
885 2919 960 2978 nulia
973 2921 1090 2977 humana
1102 2919 1129 2975 vi
1141 2915 1326 2987 conciliabiiia,
1340 2919 1507 2989 imperium

379 2995 562 3054 etcublcotio:
573 2996 643 3065 «Qui
656 2995 695 3053 dit
707 3000 907 3069 considetione,
915 2995 955 3058 dit
961 3002 1042 3068 pacto
1052 3001 1129 3052 entre
1139 2995 1187 3052 des
1199 2991 1331 3050 elementa
1343 2989 1505 3048 dissemhia·

377 3065 449 3142 hies,
464 3069 634 3128 audientest
647 3070 753 3128 liberte.
765 3070 925 3128 Les'eiiorts
938 3075 1030 3128 senoni
1042 3068 1165 3140 toujoors
1178 3069 1253 3124 raino
1267 3080 1336 3138 pour
1349 3064 1446 3123 renoir
1458 3081 1506 3123 ces

377 3140 449 3200 deux
464 3146 599 3220 principes
612 3146 732 3218 hostiles,
742 3152 771 3202 et
783 3144 886 3218 i’eaprit
894 3145 1018 3202 humaine
1029 3143 1067 3220 s‘y
1079 3139 1271 3216 perdra.c'est
1281 3142 1305 3198 h
1311 3141 1402 3212 pierre
1415 3141 1506 3212 philo·

378 3216 487 3288 sophaio
500 3221 548 3279 des
560 3228 798 3300 gouvepoements,
807 3223 852 3298 qui
865 3221 1067 3294 nesssetroovera
1075 3235 1124 3291 pas
1136 3219 1198 3291 plns
1207 3231 1260 3290 que
1269 3216 1339 3274 celle
1351 3214 1403 3272 des
1416 3215 1505 3273 aichi-

376 3293 494 3350 mistos»
506 3297 630 3368 (mareu,
638 3300 698 3354 Ere
709 3295 758 3354 des
769 3296 892 3368 Cleant
903 3297 930 3354 Si
944 3295 1108 3370 speculative
1120 3293 1236 3352 studeat
1248 3291 1295 3348 ilie
1304 3290 1504 3348 elementorum

377 3371 551 3442 consociatio,
567 3373 715 3446 memento,
724 3370 963 3444 nonspscuiative,
974 3386 1028 3427 uon
1040 3375 1192 3428 atramento
1201 3372 1231 3424 et
1243 3367 1346 3435 cheu,
1356 3367 1407 3423 aed
1421 3380 1504 3438 praa-

377 3442 431 3499 tioe
445 3445 559 3515 populos
574 3447 731 3518 gubernari.
747 3447 869 3504 Practioe
881 3453 982 3518 autem,
998 3447 1024 3502 in
1036 3438 1132 3503 eodem
1145 3442 1276 3515 subiecto,
1292 3441 1400 3499 scilicet
1413 3443 1441 3498 in
1454 3457 1504 3513 po·

376 3517 609 3591 puio,imperaadi
620 3521 730 3579 libertas
740 3537 802 3578 com
816 3521 988 3584 subiectionis
1000 3521 1089 3579 officio
1096 3533 1235 3594 nunquam
1241 3518 1381 3576 consistet.
1399 3515 1450 3574 liis
1464 3518 1501 3574 si·

375 3592 433 3649 vnul
447 3597 610 3668 constringe:
626 3597 671 3653 fiet
684 3595 849 3669 monstrum3
864 3611 915 3653 uec
927 3595 1019 3652 vitale.

471 3669 505 3742 ibi
519 3671 645 3728 Deiectus
658 3673 841 3729 sinchttotis
851 3671 983 3728 hactenus
996 3669 1046 3726 suh
1058 3667 1184 3727 omnihus
1196 3665 1438 3738 constitutionibus
1452 3663 1502 3723 de·

375 3739 542 3814 lituitihpnd
554 3747 696 3803 Lusitanos
710 3753 737 3803 et
748 3748 891 3820 Hispanos,
900 3742 1268 3818 anglicanismusreiigiosus
1277 3749 1306 3799 et
1318 3741 1456 3813 politicum
1472 3756 1502 3798 a·

375 3813 433 3886 pud
445 3816 547 3892 Gallos,
561 3820 715 3891 respublica
728 3820 908 3879 democratica
925 3828 954 3878 et
966 3818 1139 3891 socialistica'3
1154 3817 1228 3892 apud
1241 3816 1403 3888 subalpinos
1415 3831 1501 3886 repu-

375 3890 564 3964 blicanissnns,
579 3897 829 3969 protestantismus3
844 3894 916 3967 apud
929 3896 1025 3968 Belgas
1038 3892 1245 3964 rationaiisrnus3
1258 3893 1350 3950 omnia
1361 3891 1429 3948 haec
1444 3891 1502 3948 lta·

343 3986 345 4007 ¹
375 3965 411 4026 lis
424 3967 952 4038 inminebantpnmsolemnisantes
963 3968 1194 4042 hahemusquiah
1204 3967 1279 4025 initio
1290 3973 1413 4024 extortas
1423 3967 1501 4036 prin·

374 4041 479 4118 cipibus
493 4042 704 4102 constitutiones
717 4044 735 4100 h
752 4046 820 4102 nanis
834 4041 869 4103 n'd
882 4046 987 4114 caelum
1002 4045 1165 4103 extulerant.
1178 4043 1208 4100 ln
1221 4040 1413 4100 biediolanensi
1426 4041 1501 4100 enim

374 4116 596 4176 diarioL¹1tolio
605 4117 653 4175 del
662 4063 893 4193 puppianense
906 4137 977 4179 anno
988 4122 1070 4194 tato,
1085 4116 1334 4192 losephtiaaainius
1344 4117 1501 4172 sincerissi-

373 4208 419 4251 me
432 4193 575 4250 iatehatur:
588 4213 599 4244 o
610 4193 620 4249 1
634 4195 702 4265 patti
715 4195 987 4256 costituzionalisono
1000 4195 1164 4252 transozioni
1176 4191 1313 4265 harundo,
1326 4189 1440 4249 ioodate
1453 4207 1500 4248 so-

373 4283 424 4338 pra
436 4284 490 4326 nna
503 4282 650 4341 menzogoa
659 4268 686 4326 di
700 4269 840 4342 equilibris
854 4270 951 4328 tratre
965 4269 1103 4340 elementi,
1118 4283 1228 4343 ognuno
1244 4265 1365 4340 de’quaii
1377 4264 1463 4324 mode
1477 4266 1501 4322 i-

373 4343 590 4402 nevitahiimente
600 4341 625 4399 ai
638 4343 805 4418 predominio
813 4345 885 4419 degli
899 4347 973 4420 altri,
984 4344 1144 4418 generandi
1154 4344 1181 4403 di
1194 4340 1343 4401 cormtteie
1355 4355 1371 4400 e
1384 4341 1413 4398 di
1426 4338 1501 4412 poli-

373 4420 427 4482 tica
438 4419 590 4553 ipoqrisiaqs
597 4418 668 4551 lhiihii
679 4419 768 4476 verius
777 4425 805 4480 et
816 4419 985 4484 laudabilius.
994 4421 1095 4482 Eadem
1101 4418 1274 4482 armillatus
1283 4416 1501 4479 indominicato·

374 4495 468 4562 manis,
504 4496 558 4553 iet
582 4509 596 4552 e
618 4537 624 4552 .
645 4497 725 4554 taso.
752 4498 761 4522 ⁸
