3224 5282
409 295 454 361 82
856 311 986 362 timi.

366 487 427 556 que
443 470 586 538 veritatis
600 469 737 537 cilicium
752 471 974 538 demandatum
994 477 1044 548 cst
1060 475 1192 538 naturae
1206 471 1375 539 rationali:
1394 489 1483 553 ergo,

368 560 541 635 aiortiori,
558 560 593 625 in
608 561 746 626 maxima
761 562 904 626 omnium
916 579 952 627 re
964 579 1000 627 ac
1011 563 1092 644 lege,
1106 579 1187 645 quae
1198 561 1313 626 summi
1324 560 1426 625 refert
1438 563 1488 625 iu·

368 667 404 716 ra
419 650 619 732 legislatoris,
636 667 697 731 qua
712 651 891 734 praesentia
905 653 1071 733 reguntur,
1085 656 1118 716 et
1129 656 1282 735 parantur
1295 650 1414 714 lutura.
1427 651 1488 715 Er-

369 737 563 821 goollicium
578 739 819 815 est'hominum,
837 740 1035 825 maximeque
1056 740 1297 822 imperantium,
1318 738 1412 804 siculi
1429 739 1489 802 hu-

369 827 547 892 manatura
564 828 736 912 inquirere,
755 828 857 913 iisque
873 828 1036 906 delectari3
1064 828 1110 895 ita
1126 835 1159 896 et
1173 829 1293 903 divina,
1315 845 1397 913 quae
1413 827 1491 892 reli·

370 917 1006 1002 gionecontinenturatqueevulgantur.
1485 939 1489 946 ·

459 1005 549 1072 Vlll.
567 1005 774 1072 concluditur
787 1004 835 1082 3.,
853 1007 931 1074 lalso
946 1023 1070 1092 quoque
1084 1005 1187 1088 ingeri
1198 1023 1217 1070 a
1228 1002 1421 1072 tolerantiae
1432 1022 1490 1086 pa-

369 1095 482 1170 tronis,
499 1093 683 1159 indifferens
697 1112 764 1159 csse
778 1114 975 1180 quocumque
990 1097 1073 1161 Deus
1087 1095 1181 1159 modo
1195 1097 1327 1168 colatur,
1342 1095 1491 1158 dummo-

370 1184 411 1248 do
427 1185 561 1249 colatur.
579 1179 687 1249 Cultus
701 1183 787 1248 enim
802 1185 941 1253 exterior
955 1202 1028 1250 cum
1044 1185 1087 1250 sit
1102 1185 1248 1249 internae
1262 1183 1336 1249 lidei
1353 1183 1492 1248 manile-

369 1272 477 1352 statio‚
489 1271 544 1336 illc
553 1289 678 1356 quoque
692 1273 755 1338 erit
770 1290 860 1340 verus
873 1274 1042 1348 autlalsus,
1056 1277 1151 1355 prout
1163 1273 1222 1337 ista
1235 1289 1306 1337 vera
1322 1272 1421 1337 luerit
1435 1278 1491 1339 aut

370 1361 460 1427 ialsa.
478 1361 605 1436 Nonne,
616 1362 643 1427 si
659 1361 792 1444 implum
808 1382 872 1429 non
887 1367 979 1437 esset,
997 1363 1167 1428 ridiculum
1182 1362 1295 1427 saltem
1310 1360 1410 1435 ioret,
1427 1361 1493 1432 Eu-

370 1449 555 1516 charistiam
572 1450 683 1516 latriae
697 1451 784 1518 cultu
798 1452 942 1534 prosequi
958 1469 1030 1516 cum
1044 1451 1244 1525 Lutlreranis,
1262 1455 1296 1515 ct
1310 1449 1405 1514 dmul
1422 1449 1494 1513 nnl-

372 1540 402 1605 lo
419 1558 492 1605 cum
507 1537 698 1616 calvinistis:
715 1539 876 1607 Christum
890 1541 1074 1622 emolligerc
1090 1557 1163 1605 cum
1174 1539 1311 1612 ludaeis,
1329 1539 1494 1602 cumdem-

371 1646 432 1712 que
443 1633 479 1695 ut
490 1630 590 1694 Deum
603 1629 745 1695 venerari
752 1628 1033 1697 cumChristianisi
1042 1629 1102 1694 Vel
1118 1630 1145 1694 si
1162 1629 1345 1693 indillerens
1357 1631 1406 1692 est
1422 1627 1495 1708 qui-

373 1719 452 1785 libet
467 1718 580 1794 cultus,
591 1723 697 1800 posset
713 1736 753 1783 ne
769 1718 881 1803 aliquis
896 1719 1006 1783 orbem
1016 1722 1248 1803 peragraturus,
1262 1715 1427 1784 Christum
1439 1716 1497 1780 ha-

372 1808 447 1872 bere
459 1810 495 1872 ut
506 1808 693 1891 prophetam
711 1807 1070 1883 interMahumedanos,
1086 1808 1236 1872 uilicum
1253 1807 1340 1870 inter
1351 1803 1497 1870 Catholi-

371 1913 438 1970 cos,
455 1899 492 1959 ut
505 1895 702 1960 seductorem
717 1900 751 1961 et
761 1896 927 1962 scelestum
942 1896 1028 1962 inter
1039 1896 1190 1961 ludaeos?
1200 1894 1402 1962 convincunt
1416 1893 1496 1957 haec

372 1983 516 2057 absurda,
527 1984 729 2050 tolerantiam
738 1985 803 2049 sive
812 1986 982 2066 paritatem
994 1985 1138 2050 omnium
1150 1984 1355 2065 religionum,
1367 1999 1498 2046 comoe-

373 2072 458 2138 diam
470 2089 536 2136 esse
554 2071 603 2136 vel
615 2077 751 2138 mortem
769 2075 912 2138 omnium
933 2073 1074 2138 cultuum
1089 2079 1122 2139 et
1137 2073 1340 2155 religionum.
1358 2071 1497 2144 Revera,

373 2173 412 2226 ex
420 2159 578 2243 praedicta
591 2161 761 2225 tolerantia
773 2161 828 2226 ille
839 2159 1499 2246 prodiitindifferentismuoreligiosusquo

375 2248 488 2314 alicubi
506 2250 588 2330 leges
603 2253 635 2314 ct
649 2249 818 2330 regimina,
838 2250 1026 2334 populorum
1041 2255 1146 2315 autem
1162 2268 1234 2332 pars
1256 2248 1410 2322 maxima,
1430 2248 1498 2312 imo

375 2345 511 2420 europea
527 2338 594 2402 lere
608 2337 753 2412 societas,
762 2338 802 2402 ad
812 2338 906 2404 civile
917 2339 1073 2421 quoddam
1086 2339 1349 2404 materialismum
1364 2353 1501 2400 conver-

377 2427 537 2491 tebantur.
552 2425 621 2505 Qua
632 2426 671 2490 de
687 2444 723 2490 re
733 2426 823 2509 peior
834 2427 916 2492 toret
929 2432 1035 2493 nostra
1052 2445 1146 2511 quam
1161 2428 1369 2492 barbarorum
1388 2426 1502 2489 condi-

377 2516 438 2579 tio:
459 2515 525 2600 qui,
543 2515 603 2578 etsi
624 2514 746 2593 taleam,
773 2515 910 2600 aliquam
926 2520 1031 2582 tamen
1047 2516 1165 2582 habent
1181 2515 1384 2597 religionem,
1410 2514 1503 2579 oraim

378 2603 514 2684 imperio
526 2602 770 2688 contineantur(
791 2600 813 2685 ).

464 2691 511 2757 De
526 2691 657 2776 politica
672 2691 814 2756 cultuum
830 2690 979 2759 libertate
994 2693 1134 2758 dicemus
1148 2693 1183 2758 iu
1199 2693 1279 2758 libro
1291 2692 1503 2761 tertio.Nuuc

373 2779 506 2845 alteram
521 2779 727 2861 expendimus
738 2781 1000 2863 propositionem.

471 2869 530 2934 lx„
548 2868 711 2934 Secundo:
733 2867 853 2952 Religio
872 2879 916 2934 cat
930 2872 1047 2934 aeritur
1060 2871 1183 2935 dimna:
1202 2888 1274 2954 erqo
1295 2869 1354 2936 illo
1368 2866 1445 2938 'solu
1460 2879 1505 2935 cel

373 2975 460 3033 vero,
479 2975 559 3039 quoe
576 2965 641 3021 toto
655 2965 747 3039 atque
762 2959 885 3041 integro
899 2976 921 3022 o
936 2957 1003 3022 Deo
1018 2967 1073 3022 eat.

463 3046 506 3112 X:
532 3045 745 3127 Religionem,
774 3065 837 3111 non
859 3064 898 3110 ex
921 3047 1047 3110 ratione
1068 3050 1205 3122 tantum,
1222 3049 1277 3112 sed
1292 3065 1333 3114 ex
1347 3047 1421 3113 Deo
1437 3048 1507 3132 pri-

374 3152 461 3200 mum
477 3151 544 3200 esse
558 3135 794 3218 requirendam,
813 3152 849 3200 ea
871 3135 1088 3200 demonstrant
1106 3153 1185 3217 quae
1205 3136 1331 3200 anobis
1346 3135 1508 3202 hactenus

374 3225 530 3307 disputata
546 3229 631 3298 sunt,
650 3223 703 3288 iric
719 3223 858 3309 lireriter
873 3223 1099 3288 contrahenda.
1120 3223 1152 3288 1.
1170 3224 1302 3307 Delapsa
1318 3229 1451 3300 natura,
1470 3225 1506 3288 in

374 3314 511 3377 naturali
527 3313 640 3377 ordine
655 3313 833 3377 caecutiens
856 3316 950 3393 atque
972 3311 1111 3386 infirma,
1134 3327 1214 3378 nova
1231 3318 1339 3378 autem
1357 3313 1431 3378 luce
1446 3332 1508 3377 no-

373 3402 482 3483 visque
494 3401 619 3465 auxiliis
630 3400 669 3465 ad
677 3401 947 3483 supernaturalem
957 3399 1102 3464 ordinem
1113 3399 1276 3481 erigenda,
1287 3399 1436 3483 adquam
1444 3403 1508 3466 im-

450 3571 491 3646 tol
505 3575 570 3643 Quia
583 3572 683 3630 dixerit
695 3589 791 3630 ornnes
805 3573 1001 3646 philosophias,
1016 3572 1056 3629 vel
1071 3573 1201 3630 acontiae
1214 3575 1256 3631 rel
1269 3581 1346 3633 artes
1358 3589 1446 3647 pares
1458 3593 1507 3635 ea·

376 3664 416 3721 aa,
426 3647 599 3722 eiusdemque
610 3646 740 3706 bonitatis
750 3655 780 3705 et
789 3649 977 3722 excellentiae,
984 3648 1200 3722 quibuscumque
1208 3651 1350 3721 principiis
1356 3660 1504 3726 caumont,

375 3738 579 3797 equorumque
592 3723 664 3780 bono
678 3722 719 3780 rel
736 3723 810 3780 malo
823 3731 1003 3796 praeceptore
1017 3723 1181 3796 doceantur,
1197 3724 1240 3783 vel
1260 3739 1440 3800 quocumque
1454 3728 1508 3786 de·

375 3813 452 3853 mum
465 3798 545 3857 modo
559 3797 732 3857 excolantur?
746 3801 872 3871 insuper,
887 3800 948 3872 quis
961 3799 1060 3856 dixerit
1070 3799 1214 3856 intrinseca
1230 3802 1343 3857 rationis
1354 3803 1397 3858 vel
1410 3803 1509 3860 scien·

376 3871 479 3928 tiarum
494 3875 626 3947 principia
639 3875 778 3932 immutari
793 3891 843 3946 pro
857 3875 934 3947 locis,
951 3889 1036 3946 eaque
1051 3887 1099 3944 pro
1114 3873 1185 3929 veris
1197 3875 1353 3951 retinenda,
1366 3879 1421 3935 etsi
1435 3894 1509 3936 cou-

376 3945 549 4019 tradictoria,
565 3966 634 4024 quae
652 3950 742 4009 lerant
758 3949 840 4008 mccl
851 3951 935 4008 Nemo
952 3963 1033 4004 sanae
1050 3949 1159 4004 mentis:
1175 3949 1256 4006 hahet
1270 3952 1353 4023 ratio,
1371 3953 1507 4029 scientia,

378 4021 421 4076 val
434 4028 520 4099 artes,
533 4025 600 4084 lixas
609 4041 626 4083 a
636 4032 732 4084 natura
744 4026 830 4099 leges,
843 4038 912 4098 quaa
922 4023 1066 4102 praeteriri
1076 4031 1221 4095 nequeant.
1233 4025 1260 4080 Si
1271 4025 1364 4097 itaque
1375 4044 1434 4085 non
1444 4045 1510 4086 om·

377 4095 424 4179 uia
435 4100 513 4166 paria
526 4100 569 4159 vel
582 4117 668 4176 acque
681 4101 752 4160 bona
768 4105 795 4158 in
813 4102 871 4173 ipsa
885 4098 928 4154 rel
942 4096 1053 4154 historia
1067 4104 1095 4152 et
1109 4097 1289 4174 philosophia,
1304 4101 1393 4158 velia
1408 4105 1511 4178 singu·

378 4168 418 4254 lie
426 4172 540 4251 artibus,
555 4177 580 4250 in
594 4177 750 4252 eloquentia
766 4183 832 4248 puta
846 4174 889 4232 rel
904 4174 931 4230 iu
945 4173 1030 4242 poesi3
1046 4187 1111 4243 ergo
1125 4187 1141 4228 a
1154 4173 1258 4230 lortiori
1272 4175 1299 4232 in
1313 4177 1432 4238 scientia
1445 4193 1512 4239 om·

377 4258 453 4302 nrum
461 4252 667 4327 maxima-sive
683 4255 709 4311 in
725 4252 868 4325 religione,
885 4262 939 4322 qua
951 4252 1008 4302 tota
1020 4246 1137 4304 hominis
1151 4254 1250 4305 natura
1263 4257 1293 4308 et
1306 4253 1430 4309 societas
1444 4257 1511 4312 uui-

376 4331 454 4402 verea
466 4325 569 4400 regitur
581 4334 610 4388 et
624 4330 793 4387 continetur.
809 4319 1119 4407 Quemadmodum'vero
1134 4321 1178 4378 ille
1192 4323 1237 4396 qui
1250 4324 1328 4398 leges
1342 4339 1509 4402 sperneret,

375 4393 474 4479 quilius
496 4402 624 4462 scientiae
636 4405 840 4478 gubernantur,
864 4398 906 4454 rel
920 4401 1056 4453 oritanum
1076 4403 1223 4471 amoveret,
1240 4414 1295 4470 quo
1317 4401 1345 4457 in
1362 4403 1396 4459 iia
1410 4419 1511 4463 seraa

373 4465 451 4549 lalcis
464 4467 675 4551 dignoscuntur,
691 4479 823 4538 scientias
838 4476 910 4546 ipsas
924 4476 1067 4526 everteret:
1080 4470 1128 4543 ita,
1144 4473 1189 4543 qui
1203 4473 1293 4532 omnia
1306 4474 1417 4535 iaciunt
1431 4482 1512 4550 paria

373 4557 398 4596 in
410 4545 601 4629 religionibus,
613 4557 729 4628 probant
744 4569 774 4610 sc
790 4544 1004 4608 uullam'habere
1022 4542 1190 4616 religionem.
