3238 5282
585 303 783 364 rrvutnsvu.
1127 283 1193 355 249

115 458 235 520 asserta
243 458 281 520 et
292 451 502 537 promulgata.
511 452 670 519 [livinitus
681 457 788 520 autem
802 451 1024 524 renovabatur,
1037 451 1111 534 quia
1124 449 1164 518 ab
1175 452 1238 518 ini-

118 543 319 609 tioCbristus
329 541 654 624 etapostoli,ipsique
666 543 785 618 iideles,
797 559 854 623 pm
864 546 950 608 secta
961 540 1091 624 politica
1103 547 1136 607 et
1149 541 1239 624 priu-

116 633 237 716 cipibus
254 632 383 697 adversa
401 630 656 697 traducebantur.
671 631 762 698 Unde
776 630 927 712 explicite
939 627 1236 710 iusserathristus,

116 725 150 786 et
166 721 298 796 tributa,
316 726 351 785 et
364 737 445 803 quac
456 717 598 786 Caesaris
613 724 699 795 sunt,
713 718 840 786 Caesari
857 717 1110 792 essereddeoda;
1125 719 1239 784 Paulus

118 827 206 888 vero,
233 810 318 874 nulla
332 809 528 876 credentium
545 809 593 874 vcl
609 808 812 874 ethnicorum
825 807 933 884 habita
948 807 1240 885 distinctionetra·

117 897 255 963 diderat:
274 919 291 959 o
309 897 373 978 Qui
387 897 510 964 resistit
524 898 690 979 potestati,
707 897 768 965 Dei
783 896 983 963 ordinationi
999 897 1131 962 resistit.
1150 897 1242 962 »Pe-
1340 913 1344 924 ¹

119 992 188 1051 trus
204 988 344 1063 tandem,
362 991 395 1054 et
409 988 637 1052 calumniantes
652 1004 837 1068 coarguens,
856 992 889 1052 et
904 986 976 1050 illos
992 985 1048 1067 qui
1064 1003 1121 1068 per
1136 1003 1240 1052 susce-

119 1082 208 1156 ptam
226 1076 318 1140 fidem
332 1081 365 1142 et
375 1076 507 1158 spiritus
519 1076 713 1150 libertatem,
723 1093 757 1140 se
771 1093 790 1139 a
803 1075 935 1159 politica
947 1079 1107 1156 potestate
1120 1075 1241 1141 solutos

118 1165 369 1239 arbitrabantur,
390 1165 528 1230 instabat
542 1166 645 1229 denuo
661 1163 866 1247 amplissimis
882 1163 996 1230 verbis:
1017 1185 1034 1224 o
1050 1163 1191 1230 subiecti
1207 1183 1241 1230 c·

120 1259 208 1318 stote
216 1255 304 1319 omni
316 1253 472 1340 humanae
484 1257 648 1319 creaturae
656 1259 789 1336 propter
803 1253 919 1328 Deum:
934 1252 1041 1316 »idest
1052 1254 1142 1317 omni
1154 1271 1242 1318 crea-

120 1347 157 1406 to
173 1341 504 1426 imperanti‚proptar
519 1342 697 1407 increatum
713 1344 938 1425 imperantem:
954 1363 971 1402 v
986 1341 1051 1406 sive
1068 1343 1137 1423 regi
1152 1343 1241 1424 quasi

119 1431 338 1512 praecellenti,
356 1434 421 1496 sive
436 1431 567 1518 ducibus
587 1435 749 1513 tamquam
765 1432 805 1494 ab
822 1449 860 1508 co
878 1431 1023 1496 missis..
1042 1432 1117 1513 quia
1133 1434 1178 1496 sic
1194 1437 1243 1496 est

121 1520 266 1584 voluntas
281 1520 354 1594 Dei,
373 1527 409 1587 ut
433 1521 665 1586 benefacientes
679 1522 896 1586 obmutescere
917 1519 1042 1585 faciatis
1059 1520 1243 1600 impruden·

121 1608 204 1686 tium
220 1608 386 1674 hominum
400 1609 628 1691 ignorantiam:
642 1632 659 1672 n
673 1609 937 1674 calumniatorum
953 1608 1086 1683 scilicet,
1095 1609 1244 1674 christia-

119 1714 194 1762 nam
211 1697 304 1761 fldem
321 1716 379 1780 pro
392 1698 525 1779 politica
538 1698 771 1763 insurrectione
784 1697 833 1762 vel
844 1699 1065 1764 coniuratione
1078 1698 1245 1764 venditan-

118 1787 1244 1871 tium.l)eindevcrodecbristianisipsissermoneminstitueoszoquasi

120 1875 226 1948 liberi,
238 1880 270 1939 et
286 1893 349 1939 non
362 1878 452 1958 quasi
464 1878 604 1944 velamen
621 1875 772 1940 babentes
784 1876 925 1941 malitiae
935 1876 1192 1950 libertatem,sed
1203 1875 1246 1938 si-

118 1970 175 2028 cut
190 1964 251 2028 Dei
265 1963 346 2030 servi
364 1964 436 2049 1).»
453 1965 588 2046 Nempe,
599 1965 716 2046 spiritu
733 1966 838 2040 liberi,
851 1983 913 2030 non
927 1965 1247 2048 malitiosaspiritua·
1290 1962 1313 2035 o
1330 1965 1339 2020 ¹
1354 1965 1436 2040 verri,
1453 1963 1492 2036 ¹¹,

120 2053 184 2117 lem
201 2053 383 2118 libertatem
398 2054 432 2118 in
449 2054 576 2120 civilem
592 2053 756 2122 licentiam
772 2060 1005 2122 convertentes.
1076 2089 1078 2097 ,
1271 2043 1333 2097 ¹³4
1344 2041 1368 2095 ⁷·

208 2142 267 2207 ¹lli.
285 2141 319 2208 si
335 2141 413 2206 baec
429 2143 608 2208 recolantur
623 2159 714 2226 quae,
730 2143 916 2210 exaudiente
927 2142 1099 2209 christiana
1116 2143 1247 2225 religio-

120 2251 173 2306 ne,
190 2248 343 2315 quaeque,
361 2232 479 2296 exactis
494 2233 559 2298 iam
570 2233 810 2313 quatuordecim
822 2232 966 2307 saeculis,
978 2232 1183 2315 periculosius
1194 2252 1246 2298 su-

120 2321 337 2403 scipiebantur
352 2336 370 2383 a
386 2321 539 2407 Wicleto‚
558 2338 576 2384 a
597 2321 717 2386 loanne
732 2323 811 2395 llus,
830 2322 946 2388 deinde
970 2323 1246 2403 abnnabaptlstis

120 2411 155 2474 in
170 2407 355 2485 Germania,
373 2408 675 2482 docente·Luttrero,
693 2415 727 2474 et
741 2411 924 2493 paulopost
938 2411 1061 2483 ascetis
1073 2411 1247 2494 anglicanis
1357 2445 1359 2450 ·

120 2498 155 2562 in
172 2498 352 2571 Britannia,
370 2516 493 2564 necnon
510 2502 620 2563 nostra
635 2498 737 2563 adhuc
753 2505 870 2573 aetate,
885 2517 1083 2584 quocumque
1098 2502 1132 2572 in
1148 2518 1247 2583 popu-

121 2589 170 2652 los
183 2587 464 2670 collatoimperio:
478 2589 675 2670 colligemus,
691 2589 909 2671 principatum
926 2608 989 2672 quo
1004 2589 1164 2655 societatis
1178 2591 1248 2656 axi-

120 2677 237 2742 stentia
253 2683 348 2759 atque
363 2677 441 2742 ordo
454 2677 560 2743 fulciri
574 2694 699 2742 necesse
711 2683 771 2753 est,
786 2679 1063 2760 providentissime
1079 2678 1157 2744 iuris
1168 2678 1250 2744 divi·

122 2768 156 2830 ni
173 2764 365 2848 appellatum
381 2783 461 2831 esse.
475 2766 546 2848 Quo
563 2766 693 2831 nominc
706 2773 739 2834 ct
751 2768 912 2851 principes
928 2773 1131 2840 moneantur,
1144 2785 1178 2833 se
1189 2767 1250 2833 Dei

122 2855 270 2935 largitate
287 2853 410 2936 populis
424 2857 602 2938 praefectos
618 2855 725 2931 luisse,
739 2862 776 2922 ut
791 2857 900 2923 divino
912 2874 1043 2922 munere
1055 2861 1164 2941 sancte
1178 2874 1251 2938 per-

122 2939 381 3026 fungantur,l)eo
397 2947 556 3024 rationem
570 2945 739 3021 reddituri:
754 2948 864 3028 populi
876 2964 951 3011 vero
964 2943 1128 3031 (quidquid
1139 2946 1199 3028 ipsi
1215 2944 1250 3010 in

123 3032 301 3116 principem
324 3033 536 3119 contulerint)
554 3033 697 3098 divinam
713 3033 926 3118 recogitantes
943 3035 1141 3117 principatus
1155 3033 1251 3101 insti-

122 3123 294 3197 tutionem,
311 3123 351 3186 ad
366 3123 583 3190 obedientiam
598 3127 631 3187 et
642 3124 828 3206 obsequium
843 3124 1058 3194 flecterentur.
1070 3124 1156 3188 llaec
1171 3123 1251 3189 civi-

122 3210 199 3277 tatis
215 3211 319 3276 ordini
343 3213 579 3286 constituendo,
606 3213 755 3280 licentiae
771 3231 843 3279 vero
859 3218 926 3279 tum
943 3229 962 3276 a
984 3213 1215 3294 principatum
1231 3228 1249 3276 a
1343 3210 1345 3216 ’

123 3299 241 3383 populo
257 3301 481 3377 removendae,
491 3301 653 3385 aptissima
668 3307 790 3369 suntet
805 3303 931 3368 decora.
951 3298 1082 3374 Contra,
1101 3318 1118 3365 a
1133 3300 1251 3384 populo

124 3395 222 3469 atque
236 3405 255 3451 a
270 3389 415 3474 principe
431 3391 481 3456 ius
495 3391 638 3456 divinum
652 3392 786 3475 expelle.
797 3391 882 3473 Quid
898 3391 962 3455 erit
977 3392 1012 3454 in
1029 3389 1174 3476 civitate?
1185 3390 1252 3454 ilo-

126 3496 182 3542 mo
198 3477 273 3541 hinc
287 3483 383 3560 atqua
399 3479 485 3545 inde:
499 3480 568 3544 iura
585 3480 691 3546 iorsan
707 3481 857 3555 humana,
871 3485 963 3563 pacta
978 3479 1112 3553 scilicet,
1127 3479 1250 3562 aequali

125 3566 283 3632 facilitate
297 3567 506 3650 contingenda
521 3574 555 3634 et
571 3565 862 3638 exscindendas'ed
875 3569 960 3634 nulla
975 3586 1049 3634 sane
1062 3569 1251 3634 iurasancta

126 3661 222 3738 atque
237 3655 445 3722 inviolabilia:
456 3663 568 3723 contra
581 3675 655 3723 vero
669 3660 754 3724 traus
767 3665 822 3724 aut
833 3659 998 3733 violentia:
1010 3658 1181 3740 imperium
1193 3657 1252 3723 lio·

127 3745 225 3808 minis
241 3744 274 3808 in
290 3745 466 3822 hominem:
478 3748 528 3812 vel
543 3747 696 3832 principis
706 3752 742 3813 in
756 3749 921 3830 populum,
931 3749 976 3812 vel
993 3747 1102 3830 populi
1115 3747 1149 3810 in
1162 3747 1253 3829 prin-

127 3835 244 3916 cipem‚
256 3833 342 3898 nullo
354 3834 503 3902 altioriet
515 3837 695 3903 sublimiori
707 3839 777 3902 iura
789 3835 875 3903 iota'r
887 3837 1250 3918 utrumqueconstltuto.

216 3923 1254 4008 Ergovelimperiunradestexiuredivinoconstitutum,velnul·

129 4015 193 4077 lum
211 4010 298 4077 adest
312 4013 482 4096 imperium
498 4017 639 4090 tirmum,
658 4035 792 4102 aequum
807 4022 841 4082 et
855 4020 1011 4082 sanctum.

220 4100 293 4166 Vll.
312 4102 373 4168 Sed
388 4122 486 4185 quum
500 4105 618 4186 duplex
633 4105 676 4172 sit
692 4107 840 4179 societas,
858 4105 1029 4171 domesticu
1044 4108 1078 4171 et
1093 4104 1206 4182 ciuilis,
1221 4109 1255 4168 at

127 4190 243 4273 duplex
262 4196 412 4272 potestas,
427 4201 565 4274 paterna
581 4201 614 4261 ct
626 4196 770 4276 politico,-
785 4195 819 4259 in
836 4195 1042 4276 primocasu,
1063 4209 1199 4274 persona
1216 4194 1254 4255 il-

129 4281 193 4344 lam
209 4297 333 4360 gerens,
346 4283 670 4363 apaternitatisiacto
683 4285 871 4349 declaratur.
882 4283 976 4352 Nihil
987 4300 1062 4348 vero
1074 4280 1253 4362 huiusmodi

129 4371 163 4435 in
186 4368 381 4452 principatu.
399 4370 478 4450 Quis
492 4373 640 4456 princeps
662 4375 711 4439 vel
727 4375 885 4456 imperans
909 4389 926 4436 a
952 4371 1087 4436 natura?
1102 4371 1205 4454 Nemo
1221 4369 1254 4432 in

129 4458 269 4530 naturali
282 4461 426 4524 omnium
439 4463 644 4545 aequalitate.
655 4463 824 4538 Tenemus,
836 4461 859 4527 a*
868 4462 987 4526 familia
1001 4457 1135 4544 primam
1148 4458 1255 4522 duxis-

128 4567 162 4616 se
177 4547 336 4626 originem
353 4551 580 4634 principatum,
595 4569 691 4634 quum
708 4552 895 4636 imperfecta
908 4551 1076 4704 ειᾰηὶοιὲιὲῐη
1092 4546 1185 4612 liuius
1198 4567 1254 4613 uo-
