3238 5282
592 323 725 373 ruunus
742 323 801 372 nu.
1145 305 1216 370 'trs

127 466 367 558 absolutissimo
391 467 596 552 Reipublicae
613 469 848 553 manciparetur
872 468 1024 550 imperim
1044 467 1126 534 nibil
1142 470 1260 536 mirum

130 561 158 623 si
172 560 250 625 adeo
264 558 370 639 legum
383 558 566 640 arrogantia
579 559 810 642 proiecissetut
819 559 1072 625 litteralibus-vel
1082 577 1261 625 sacramen-

132 648 249 714 talibus
262 647 413 712 formulis
428 651 520 730 pacta
535 649 629 714 unice
644 649 888 731 perficerentur.
907 647 999 729 Quod
1011 647 1148 714 Canii'et
1159 649 1260 715 Pitbii

131 739 278 821 exemplo
291 737 483 811 ostenditur,
498 743 534 810 ut
547 739 688 820 estapud
702 738 890 816 Ciceronem
900 737 942 822 1).
954 739 1115 820 Deceptus
1128 738 1263 822 iniquis·
1309 727 1330 796 tl
1354 730 1396 786 De
1423 728 1510 804 Off,

132 827 215 892 sime
230 827 358 894 Canius:
385 847 403 887 a
421 827 482 894 Sed
498 827 573 910 quid
589 828 733 893 laccrctl
750 828 857 910 inquit
870 825 999 903 Cicerm
1019 827 1159 892 nondum
1175 829 1262 894 eninr
1287 805 1336 878 ¹¹¹²
1352 805 1381 860 ⁹·

134 917 284 998 aquilius
299 916 420 998 collega
436 921 469 990 et
486 915 653 983 familiaris
669 935 756 983 meus
771 917 946 1001 protulerat
961 917 1085 982 dedolo
1100 917 1185 983 malo
1198 918 1263 984 inr-

135 1008 238 1070 mulas
254 1004 301 1090 2):
315 1029 333 1068 n
346 1006 431 1087 Ergo
446 1023 544 1088 usque
560 1008 599 1072 ad
615 1007 716 1090 ipsam
732 1006 831 1072 Tullii
846 1011 997 1082 aetatem,
1015 1023 1096 1088 quae
1110 1007 1198 1072 iuxta
1214 1025 1264 1072 sa·
1306 998 1332 1072 2l
1350 999 1416 1056 thid.

136 1095 345 1169 ¹eramentalia
359 1096 469 1176 legum
490 1096 584 1161 verba
599 1096 681 1161 inita
696 1095 831 1161 luissent
845 1099 949 1178 pacta,
968 1096 1071 1178 valida
1093 1095 1265 1164 censeban-

136 1191 204 1260 tun
222 1201 302 1268 quae
320 1202 396 1249 vcro
410 1185 480 1249 sine
490 1184 555 1248 illis
568 1184 616 1250 vel
625 1190 739 1251 eonlrn
753 1185 977 1261 illa,ebeolutc
989 1184 1094 1261 irrite,
1109 1186 1197 1252 nullo
1208 1188 1265 1254 ba-

136 1273 206 1339 bitu
221 1277 366 1356 respectu
386 1274 424 1338 ad
440 1275 617 1340 naturalem
640 1274 955 1358 aequitatem.·Unde
978 1274 1044 1358 ipse
1059 1273 1172 1341 Cicero
1187 1295 1265 1342 con-

135 1363 341 1445 querebatur:
356 1383 375 1423 u
390 1361 453 1450 Sed
464 1381 522 1430 nos
537 1365 604 1428 veri
619 1364 710 1440 iuris,
729 1381 960 1447 germanaeque
971 1363 1115 1430 iustitiae
1127 1367 1261 1432 solidam

135 1457 170 1517 et
186 1469 366 1534 expressam
382 1452 518 1534 effigiem
535 1453 654 1518 nullam
670 1458 826 1519 tenemus:
845 1452 957 1537 umbra
972 1458 1005 1519 et
1021 1455 1212 1536 imaginibus
1227 1475 1264 1520 u·
1326 1523 1330 1528 ,

139 1542 242 1607 timur
257 1539 300 1626 3).
323 1541 446 1607 uldem
463 1559 539 1606 vcro
554 1543 671 1625 aliique
693 1541 922 1617 iurisconsulti,
940 1543 1100 1626 acquitate
1116 1544 1261 1621 adducta,
1306 1539 1333 1614 ³l
1346 1539 1428 1614 ibid,
1449 1543 1491 1598 ¹²·

138 1632 227 1713 leges
243 1630 385 1702 emollire
402 1631 598 1707 nitebantur;
612 1636 644 1700 et
655 1632 765 1698 Tacito
777 1632 1063 1708 animadvertente,
1080 1649 1148 1698 nex
1160 1632 1265 1710 borri-

135 1720 178 1784 da
194 1720 250 1784 illa
266 1718 457 1805 antiquitate
469 1721 509 1784 ad
520 1727 719 1804 praesentem
731 1739 821 1786 usum
832 1721 987 1804 quaedam
997 1724 1155 1803 Augustus
1171 1723 1267 1790 dexe-

138 1806 291 1894 luidb»
516 1847 520 1856 ι
971 1843 1018 1872 .·
1303 1808 1513 1885 stannatlv.

239 1898 331 1964 XIV.
358 1895 447 1964 Adeo
469 1902 576 1964 tamen
592 1905 783 1983 praepotens
798 1897 1006 1982 Reipublicae
1022 1898 1201 1986 dominatio
1218 1902 1267 1966 ins

137 2003 309 2053 romanum
325 1981 497 2062 invaserat,
517 1993 553 2054 ut
571 2008 673 2073 neque
687 1989 855 2076 christiani
871 1989 1094 2072 imperatores,
1112 1988 1268 2056 Constan-

136 2077 239 2152 tinus,
258 2077 466 2164 Theodosius,
485 2079 694 2156 lastinianus,
715 2080 791 2144 licet
805 2079 923 2160 ubique
940 2078 1024 2160 leges
1035 2079 1075 2144 ad
1089 2081 1266 2145 naturalem

137 2166 335 2249 aequitatem
351 2167 566 2247 flecterentur,
594 2187 754 2251 nunqnam
764 2167 915 2252 perfecte·
933 2168 1022 2232 illam
1039 2171 1265 2251 expresserint.

138 2256 281 2339 indeque
297 2256 447 2339 contigit,
464 2262 501 2322 ut
516 2257 599 2323 sicut
615 2275 655 2323 ex
669 2275 803 2325 romano
827 2256 897 2322 iure
912 2274 1072 2339 quaequac
1088 2260 1267 2324 recentiora

138 2346 211 2412 iura
236 2350 306 2411 orta
322 2350 410 2424 sunt,
429 2346 525 2410 ita'in
541 2347 734 2430 omnesierc
754 2347 985 2416 iureconsultus
1001 2347 1142 2412 strictius
1158 2348 1265 2413 forsan

138 2452 235 2518 quarn
247 2433 355 2517 parsit
364 2435 514 2516 legalibus
527 2435 672 2500 formulis
685 2431 872 2510 inhaerendi
882 2437 1077 2501 cousuetudo
1086 2436 1264 2519 irrepserit.

138 2525 214 2605 Quo
222 2523 342 2588 lorensi
354 2525 584 2591 materialismo
596 2541 653 2591 seu
661 2524 860 2591 lormulismo
867 2543 967 2607 saepe
981 2525 1075 2590 nimis
1087 2526 1264 2591 obruimur.

155 2688 159 2694 ¹
231 2613 307 2679 XV.
321 2614 455 2688 Verum,
467 2618 556 2679 tenta
568 2633 608 2679 ne
621 2615 726 2698 legum
738 2616 841 2690 visut,
855 2614 960 2702 aliqua
974 2614 1141 2680 deficiente
1153 2618 1268 2681 solem·

140 2702 259 2776 nitate,
277 2721 508 2786 quamcumque
533 2709 601 2769 turn
617 2705 745 2770 civilem
755 2710 829 2780 ‚turn
846 2705 1024 2771 naturalem
1039 2705 1267 2785 obligationem

140 2792 291 2858 auferat?

232 2882 324 2948 XVl.
342 2880 536 2959 Gravissima
556 2883 634 2948 baec
649 2883 773 2966 questio
790 2883 824 2947 in
840 2886 1146 2965 utramquepartem
1163 2883 1269 2967 dlspu-

142 2976 244 3036 tatur.
264 2973 381 3038 Putant
392 2971 618 3049 nonnulli,'ubi
631 2972 846 3038 fraudulenter
859 2971 939 3037 nihil
951 2976 1056 3037 actum
1069 2973 1123 3046 sit,
1137 2979 1170 3038 et
1183 2974 1269 3042 nulla

139 3061 401 3137 contrahentium
416 3061 509 3143 culpa
524 3063 708 3128 solemnitas
724 3061 875 3135 deluerit,
894 3060 1057 3142 pactiones
1076 3061 1183 3127 irritas
1197 3063 1269 3143 qui-

138 3151 216 3214 dem
231 3167 298 3214 esse
312 3149 382 3216 iure
397 3152 497 3226 civili,
517 3152 654 3216 naturali
670 3156 777 3217 tamen
790 3152 858 3216 iure
873 3151 1036 3216 sustineri:
1051 3153 1184 3233 eoquod
1197 3151 1270 3216 linis
1406 3161 1409 3168 ’

142 3238 224 3321 legis
235 3239 279 3304 sit
296 3238 458 3304 fraudibus
473 3241 599 3305 obviam
615 3241 676 3318 ire;
689 3247 721 3307 et
734 3243 787 3306 ubi
801 3241 886 3305 nulla
902 3245 950 3305 est
966 3237 1070 3321 culpa,
1090 3240 1175 3304 nulla
1192 3258 1268 3321 poe-

143 3347 185 3393 na
203 3346 270 3393 esse
285 3328 409 3395 debeat.
428 3329 521 3411 Quod
537 3331 571 3395 in
587 3330 715 3397 ultimis
727 3329 918 3414 pracsertim
935 3327 1148 3394 voluntatibus
1164 3329 1270 3410 rigere

141 3421 287 3492 censent;
295 3423 405 3502 estque
417 3420 515 3484 Plinii
528 3418 663 3486 iunioris
674 3419 834 3500 sententia
845 3418 1058 3483 scribentisud
1071 3419 1267 3483 dardanum:

145 3529 164 3567 a
182 3507 353 3587 Propriam
369 3508 538 3590 quamdam
553 3510 654 3592 legem
670 3510 750 3575 milri
770 3509 850 3581 dixi,
869 3511 905 3572 ut
921 3507 1144 3572 defunctorum
1162 3509 1272 3572 volun-

142 3602 239 3669 tates,
253 3597 379 3661 etiamsi
392 3597 461 3662 iure
473 3598 696 3674 deicerentur,
706 3598 795 3681 qnasi
808 3597 963 3680 perlectas
975 3601 1095 3662 tu'ercr.
1110 3621 1127 3660 »
1141 3598 1190 3662 Ad
1200 3595 1272 3662 Cal-

144 3686 261 3750 visium
277 3690 396 3760 autern,
415 3687 454 3752 de
468 3686 631 3752 ‘cuiusdam
646 3687 811 3756 Saturnini
824 3691 1014 3752 testamento
1028 3687 1158 3768 loquens
1176 3687 1270 3751 adde-

145 3775 213 3841 bat:
232 3796 249 3835 n
264 3776 344 3849 Hoc,
358 3776 386 3840 si
400 3775 448 3848 ius
462 3778 628 3859 adspicias,
646 3779 786 3852 irritum;
802 3777 828 3841 si
840 3775 983 3840 defuncti
1000 3776 1193 3841 voluntatem
1210 3775 1273 3860 (ve-

129 3883 221 3934 -reor
234 3882 329 3947 quam
341 3865 374 3929 in
384 3871 513 3946 partem
528 3867 743 3933 iurisconsulti
755 3867 919 3949 quodsum
932 3865 1076 3930 dicturus
1088 3862 1269 3948 accipient),

144 3954 202 4018 illa
219 3953 300 4017 mibi
316 3954 486 4038 antiquior·
494 3955 564 4021 iure
578 3962 627 4021 est
643 3954 714 4041 5)·³’
728 3957 826 4031 Haec,
837 3955 998 4036 inquiunt,
1012 3955 1067 4035 qui
1081 3973 1142 4020 non
1155 3971 1272 4035 appro·
1313 3950 1339 4018 5)
1352 3952 1469 4022 Epist,
1482 3947 1518 4016 ΙΙ,
1604 3951 1606 3958 ‘

145 4044 214 4118 bet,
231 4043 311 4108 adeo
326 4061 344 4106 a
360 4050 475 4109 natura
490 4045 624 4119 recedit,
642 4053 678 4113 ut
692 4046 771 4111 iuris
785 4045 931 4109 umbram
947 4043 994 4108 vel
1011 4044 1198 4126 figmentum
1214 4061 1271 4126 pro
1297 4030 1341 4102 ¹⁶3
1358 4029 1389 4100 Vs
1406 4028 1433 4081 ⁸·

145 4133 219 4197 iure
235 4133 459 4214 amplectatur.
609 4141 614 4150 “
921 4191 925 4200 .
1212 4141 1217 4150 “

236 4219 345 4294 xv11.
363 4220 482 4288 Contra
500 4241 587 4299 vero,
602 4223 663 4289 hoc
676 4223 827 4290 irritandi
839 4223 908 4288 iure
920 4227 1055 4304 utraque
1066 4226 1206 4302 potestas
1218 4239 1273 4286 usa

143 4315 206 4384 est,
225 4312 439 4377 ecclesiastica
454 4317 488 4378 et
503 4313 617 4379 civilis:
633 4319 731 4398 utque
743 4317 885 4378 uteretur
898 4311 1021 4393 publica
1035 4306 1156 4376 utilitas
1167 4310 1274 4391 requi·
1314 4357 1340 4430 6)
1353 4359 1416 4415 sess
1438 4353 1522 4412 xm

124 4441 127 4446 .
143 4401 248 4465 rebat.
267 4401 320 4467 Sic
335 4402 531 4469 clandestina
553 4403 760 4469 matrimonia
775 4402 999 4468 Tridentinum
1015 4399 1093 4470 iecit
1109 4399 1202 4462 irrita
1219 4396 1270 4482 d);
1293 4433 1330 4491 de
1341 4435 1404 4508 nef.
1420 4399 1483 4501 'cap
1495 4434 1520 4485 1·

144 4496 186 4555 et.
201 4491 603 4576 Iustinianus'donationes
626 4509 706 4575 quae
722 4492 969 4576 quingentorum
994 4489 1169 4553 solidorum
1188 4505 1273 4552 snm·
1317 4509 1341 4583 ιι
1355 4511 1385 4565 L.
1399 4507 1432 4564 27
1446 4513 1473 4560 er
1485 4507 1521 4560 :lo

145 4597 232 4644 marn
248 4587 449 4662 superarent,
470 4582 530 4646 nisi
548 4584 580 4647 in
598 4583 736 4665 publicas
752 4582 872 4646 tabulas
888 4583 991 4645 essent
1004 4578 1126 4644 relatae
1143 4576 1187 4662 7);
1206 4577 1271 4642 imo
1294 4587 1338 4660 c,
1350 4583 1460 4655 tib.a‚t.
1473 4582 1518 4636 sl.
