3222 5282
434 326 478 396 ³4
879 341 974 390 aruer
990 341 1012 388 r.

388 499 452 566 cle,
470 493 562 575 plena
583 510 622 556 an
639 487 807 575 praecipiti
823 489 943 570 impetu
963 486 1139 568 intercepta
1156 486 1366 562 advertentis,
1384 477 1513 549 intense

388 583 435 646 vel
453 581 584 646 remisse
597 578 721 645 lecerit.
738 578 807 643 Hoc
823 582 928 641 autem
943 575 1097 641 versiculo
1111 576 1433 658 comprehenduntur.

518 764 595 836 Quis,
606 763 684 837 cquid,
702 761 757 828 uui,
773 761 870 834 quibus
885 759 1002 834 auxiliis,
1018 773 1080 832 cur,
1095 758 1241 832 quomodo,
1256 759 1375 834 quaudo.

473 925 550 989 Xll.
569 923 676 998 Actio,
693 941 787 1006 quam
802 922 952 1008 hacteuus
968 919 1176 1002 contemplati
1191 939 1310 997 sumus,
1324 939 1364 986 ex
1375 939 1513 988 suo-asse

386 1013 528 1079 naturali
544 1019 577 1078 et
592 1013 707 1077 nauali
723 1011 912 1085 coalescens,
931 1027 981 1073 res
997 1014 1044 1073 est
1059 1009 1196 1089 agentis,
1215 1027 1288 1074 eum
1304 1010 1439 1091 ligatrun
1454 1011 1514 1074 ha-

386 1105 452 1176 bet,
469 1103 568 1185 eique·
579 1099 765 1183 imputatur.
791 1099 848 1165 Est
863 1099 962 1180 igitur
977 1096 1147 1180 imputatio
1162 1099 1325 1176 iudicium,
1351 1119 1414 1182 qno
1430 1102 1514 1164 actio
1602 1121 1603 1202 p

385 1192 537 1263 inmune,
555 1191 596 1254 nd
610 1190 757 1252 meritum
772 1187 820 1250 oei
834 1188 1028 1263 demeritum,
1044 1187 1085 1249 ad
1102 1185 1226 1250 laudem
1241 1188 1289 1252 uel
1304 1189 1512 1269 vituperium,

386 1281 428 1344 ud
438 1278 620 1359 praemium
635 1277 683 1341 oei
698 1278 739 1340 ad
751 1293 899 1354 poenam,
917 1274 1040 1339 auctori
1055 1291 1113 1337 suo
1128 1276 1326 1340 adscribitur.

443 1387 446 1394 ’
474 1367 568 1431 Xlll.
586 1365 694 1430 Prima
710 1365 878 1445 imputatio
896 1365 934 1429 fit
950 1366 989 1427 ab
1004 1363 1127 1444 agentis
1151 1365 1359 1429 conscientia.
1382 1365 1516 1429 Antece—
1602 1379 1603 1438 l

386 1457 462 1521 dens
478 1455 672 1519 conscientia
688 1453 843 1518 iudicium
858 1453 921 1518 lert
936 1453 975 1516 de
991 1452 1115 1516 actione
1130 1453 1341 1534 suscipienda,
1355 1459 1388 1519 et
1400 1454 1516 1518 delini-
1602 1467 1603 1526 j

386 1549 439 1609 tur
455 1553 544 1608 nctus
563 1541 745 1615 intellectus,
768 1542 889 1605 dictans
904 1542 979 1622 quid
998 1541 1046 1604 dic
1060 1548 1088 1604 et
1102 1559 1189 1605 nunc
1209 1541 1459 1620 amplectendum
1473 1545 1514 1606 sit
1602 1573 1603 1600 t

385 1633 433 1696 uel
448 1633 644 1716 sumendum.
659 1630 868 1711 Consequens,
888 1629 1021 1694 iucunda
1036 1633 1085 1692 est
1100 1630 1148 1693 vel
1168 1632 1279 1694 acerba
1291 1630 1453 1694 iacturum
1464 1649 1515 1694 re·

385 1723 554 1803 cogitatio,
570 1720 779 1784 domesticum
795 1718 945 1794 tribunal,
969 1718 1052 1782 vitae
1074 1716 1249 1782 balsamum
1270 1723 1325 1783 aut
1340 1736 1512 1794 venenum,

387 1812 504 1875 mentis
519 1809 648 1889 augelus
667 1813 721 1872 aut
737 1807 832 1880 iuria,
857 1808 891 1871 in
909 1812 996 1872 recte
1011 1803 1102 1870 laetis
1125 1807 1280 1881 solamen,
1304 1807 1354 1871 vel
1370 1809 1515 1871 miserri-

388 1916 475 1961 mum
491 1898 578 1960 inter
592 1897 753 1960 fortunata
770 1894 887 1961 scelera
899 1895 1099 1978 supplicium.
1116 1897 1207 1961 Mens
1219 1896 1306 1959 enim
1317 1913 1398 1978 quae
1410 1897 1513 1977 legem

388 1989 515 2058 tenens,
533 1985 646 2048 statuit
661 2001 696 2047 se
711 1983 745 2046 in
761 1983 957 2065 illamagere
973 1984 1051 2048 velle
1066 1989 1121 2046 aut
1132 1984 1220 2047 iuxta
1237 1984 1338 2058 illam,
1356 1985 1471 2049 statim
1483 1990 1515 2049 et

386 2091 461 2136 suae
476 2071 613 2137 actionis
628 2073 666 2136 lit
681 2072 818 2144 conscia,
837 2077 870 2136 et
885 2090 954 2137 eam
971 2076 1072 2137 totam
1088 2073 1187 2137 sentit
1203 2071 1264 2136 sibi
1276 2091 1348 2136 cum
1360 2073 1516 2138 suaboni-

360 2161 364 2168 '
388 2165 454 2226 tate
469 2161 518 2225 vel
535 2159 706 2241 iniquitate
722 2176 788 2223 esse
809 2160 1057 2224 adscribendam.
1082 2161 1120 2224 ln
1137 2161 1220 2225 hunc
1236 2162 1345 2237 linem,
1363 2161 1516 2227 intimum
1602 2239 1603 2244 ἵ

389 2239 467 2318 adeo
487 2248 625 2314 tribuual
641 2248 825 2314 institutum
849 2254 896 2313 est
911 2265 929 2312 a
946 2253 1069 2312 namra:
1089 2267 1188 2333 neque
1208 2267 1297 2314 mens
1318 2251 1517 2331 culpabiliter
1602 2285 1603 2288 =

391 2339 555 2418 ignorans,
565 2338 615 2400 vel
627 2354 747 2410 errans,
766 2337 812 2400 vel
830 2337 892 2400 alio
905 2339 942 2401 ‘se
954 2339 1153 2413 convertens,
1166 2338 1227 2402 hoc
1239 2338 1451 2403 inhabitantis
1462 2339 1518 2404 lli-

389 2425 506 2491 vinatis
523 2425 662 2490 tribunal
678 2429 713 2492 et
726 2425 877 2490 iudicium
893 2426 1024 2506 effugiet
1040 2426 1089 2490 vel
1103 2432 1236 2492 evertet.

481 2515 573 2580 xlv.
587 2515 658 2578 Duo
678 2513 731 2578 bic
749 2519 981 2596 proponuntur:
998 2513 1135 2593 l.Quid,
1150 2534 1189 2579 ne
1201 2515 1285 2580 actio
1297 2516 1467 2600 deputetur
1479 2517 1516 2580 ad

391 2603 532 2685 eulpam3
550 2604 584 2667 2.
601 2603 689 2686 quid,
705 2607 741 2666 ut
757 2603 791 2667 in
809 2602 932 2666 laudem
949 2603 996 2666 vel
1013 2602 1045 2665 in
1062 2604 1237 2684 praemium
1253 2610 1407 2670 vertatur.

415 2696 420 2705 ’
441 2737 442 2742 η
479 2691 531 2754 Ad
550 2689 582 2753 1.
600 2691 649 2756 Na
665 2691 748 2754 actio
764 2691 934 2774 deputetur
945 2691 983 2753 ad
995 2691 1133 2771 culpam,
1149 2711 1274 2756 necesse
1285 2698 1333 2758 est
1347 2693 1378 2757 1.
1392 2700 1429 2760 ut
1440 2711 1517 2757 cou-

388 2778 523 2844 scientia
539 2776 627 2842 illam
643 2779 845 2843 innocentem
861 2779 992 2854 iudicet,
1013 2780 1108 2845 certis
1119 2780 1167 2844 vel
1179 2783 1386 2860 prudentibus
1400 2782 1516 2846 saltem

388 2866 585 2947 argumentis
600 2866 722 2942 innixa;
741 2869 775 2931 2.
792 2872 829 2931 ut
846 2867 964 2931 rationi
981 2868 1030 2931 vel
1050 2867 1112 2949 legi
1128 2886 1302 2950 repugnare
1317 2871 1406 2934 nullo
1421 2871 1517 2934 modo

387 2956 476 3031 velit;
496 2953 529 3018 3.
548 2959 584 3019 ut
600 2973 691 3019 error
704 2955 747 3020 sit
762 2955 970 3030 invincibilis,
985 2956 1012 3020 si
1024 2956 1107 3021 torte
1118 2974 1224 3022 errare
1235 2959 1414 3039 contingat.
1432 2960 1517 3025 Na‘m

387 3043 523 3117 certum,
533 3043 582 3108 vel
594 3045 705 3108 saltem
720 3045 856 3126 prudens
871 3044 1031 3109 dictamen
1039 3045 1078 3108 de
1085 3045 1219 3112 actionis
1230 3048 1517 3121 honestateratio·

387 3133 492 3197 nalem
506 3132 599 3197 decet
613 3136 804 3197 ereaturam:
823 3151 914 3216 quae,
939 3133 1000 3196 nisi
1014 3134 1277 3214 praeclarissimas
1298 3141 1384 3201 recte
1399 3136 1516 3216 agendi

385 3227 418 3286 et
433 3221 608 3305 pmdentcr
623 3220 784 3286 iudicandi
800 3221 979 3296 facultates,
1001 3221 1034 3285 in
1050 3240 1085 3294 re
1101 3225 1244 3289 omnium
1260 3225 1411 3298 maxima,
1429 3223 1517 3288 scili·

385 3311 486 3376 celin
504 3309 656 3385 moribus,
674 3311 834 3383 adhibeat,
861 3311 998 3392 seipsam
1014 3316 1046 3374 et
1061 3309 1244 3378 Creatorem
1259 3317 1457 3378 contemnet.
1481 3312 1516 3378 Si

386 3404 492 3463 autem
509 3397 602 3478 legis,
622 3399 683 3464 etsi
698 3399 879 3481 putatitiae,
889 3399 1095 3464 violationem
1110 3400 1272 3475 decernat,
1282 3401 1427 3484 iniquum
1442 3419 1517 3465 vere

386 3485 528 3550 animum
541 3486 576 3549 in
589 3486 804 3566 legislatorem
816 3487 973 3551 ostendet.
993 3487 1095 3553 Unde:
1111 3489 1332 3564 «Dicendum,
1346 3489 1429 3572 quod
1439 3490 1518 3553 sim-

385 3573 512 3656 pliciter
526 3573 630 3637 omnis
645 3575 791 3638 voluntas
811 3573 993 3638 discordans
1016 3591 1035 3638 a
1050 3576 1174 3641 ratione
1196 3579 1262 3642 sive
1277 3583 1365 3642 rectu
1379 3578 1444 3642 sive
1467 3597 1518 3642 er·

184 3675 206 3744 tl
222 3679 250 3732 s.
266 3675 362 3731 thom.
386 3667 490 3736 rante,
509 3677 636 3742 semper
652 3666 699 3727 est
715 3662 798 3726 mala
821 3659 864 3745 1).
883 3685 900 3723 »
919 3663 1003 3745 Ergo
1018 3664 1075 3748 qui
1089 3666 1249 3731 rationem
1270 3668 1449 3732 contemnit
1464 3685 1518 3732 ve-

141 3751 162 3820 l,
173 3751 364 3824 ll,q.19,a.5.
386 3755 508 3822 tantem
520 3749 570 3814 vel
581 3750 848 3832 praecipientem,
861 3753 920 3815 elsi
930 3758 1106 3828 errantem,
1120 3761 1228 3820 mente
1236 3757 1414 3820 contemnit
1424 3773 1519 3836 prae·

386 3843 518 3921 ceptum
525 3838 598 3914 Dei;
609 3839 739 3924 eiusque
755 3840 793 3905 fit
808 3841 953 3906 criminis
970 3851 1053 3916 reus,
1070 3843 1155 3925 quod
1169 3844 1277 3908 animo
1293 3849 1444 3926 gesserat.
1455 3844 1517 3910 Sed

387 3926 578 4002 exadverso,
588 3945 652 3991 non
665 3929 771 3993 omnis
787 3930 870 3994 mala
882 3931 966 3995 actio
980 3931 1225 4011 imputationem
1237 3933 1379 4015 ellugiet,
1389 3950 1471 4016 quae
1482 3936 1518 3996 ut

384 4016 467 4080 bona
479 4013 587 4080 habita
599 4016 654 4094 sit3
677 4035 787 4082 verum
800 4019 856 4082 illa
868 4023 993 4084 tantum
1006 4037 1085 4103 quae
1097 4020 1318 4087 invincibiliter
1329 4027 1365 4086 ut
1378 4023 1450 4086 talis
1461 4021 1518 4084 ba·

385 4104 453 4170 bita
473 4104 583 4169 luerit.
603 4104 668 4181 Sic,
685 4112 722 4171 ut
737 4106 959 4186 blasphemum,
979 4115 1006 4172 et
1018 4118 1261 4186 persecutorem,
1273 4119 1301 4173 et
1315 4110 1519 4174 contumeiio-

385 4211 468 4268 sum,
487 4209 520 4256 se
535 4194 650 4257 Paulus
666 4194 798 4269 fatetur,
809 4195 875 4260 imo
892 4197 983 4260 illum
998 4197 1142 4262 omnium
1159 4199 1303 4263 manibus
1320 4197 1517 4279 Stephanum

178 4325 204 4386 23
221 4324 232 4378 l
252 4321 293 4378 ad
317 4326 366 4378 Ta·-
386 4280 541 4364 lapidasse
552 4281 670 4348 dicitur
681 4282 720 4346 ab
733 4283 925 4363 Augustino,
940 4285 995 4348 etsi
1006 4285 1158 4366 ignorans
1170 4285 1253 4370 (non
1270 4285 1519 4369 invincibiliter)

139 4401 240 4463 ,Μὴ
258 4399 280 4468 ¹2
301 4400 343 4454 13.
385 4369 421 4434 in
437 4371 653 4434 incredulitate
673 4371 782 4454 feeerit
794 4370 838 4453 2);
853 4376 886 4438 et
905 4372 953 4436 illl
971 4372 1099 4438 deicidii
1112 4375 1235 4440 crimen
1254 4377 1288 4441 iu
1301 4376 1421 4457 seipsos
1432 4376 1519 4440 intu-

181 4474 206 4538 st
222 4474 233 4529 l
247 4473 288 4528 ad
313 4474 367 4528 Co·
387 4456 503 4531 lerunt,
521 4459 589 4541 qui,
607 4458 635 4522 si
648 4459 874 4543 cognovissent,
898 4479 1062 4544 nunquam
1074 4462 1248 4528 Dominum
1260 4465 1379 4547 plonius
1395 4466 1520 4546 crucifi-

117 4576 120 4582 =
142 4548 246 4625 ciuile,
263 4549 299 4623 ll,
318 4552 343 4604 8.
387 4548 508 4611 missen!
521 4545 564 4630 3).
