3224 5282
575 329 771 383 rrrunnsvr.
1127 309 1191 382 135

113 482 246 566 quabat?
254 480 324 561 Qua
333 497 447 563 nempe
458 479 661 562 aequalitate,
673 478 818 544 homines
830 476 912 543 ultra
923 478 1012 543 illam
1020 475 1234 546 Orientalium

114 572 293 636 barbariem
302 570 598 654 regrederentur,in
607 585 668 654 qua
678 570 817 633 sicetera
826 568 966 648 lmperio
974 567 1233 645 absorbebantur,

114 661 237 725 lamilia
252 664 367 747 tamen
376 664 552 743 supererat:
568 675 669 742 neque
680 659 734 722 illa
747 657 903 722 feliciores
914 656 1081 739 aliquando
1094 658 1189 734 cives,
1200 667 1235 727 ut

115 750 243 815 Platoni
260 748 434 824 ridebatur,
449 750 503 814 scd
518 748 691 813 miserrimi
703 765 739 812 ac
751 747 943 829 pauperrimi
959 747 1139 813 evaderent.
1152 750 1235 815 Nam

114 839 141 902 si
151 839 286 923 quilibet
297 840 388 915 civis,
399 839 483 923 quod
491 840 581 904 Plato
593 837 802 919 gloriabatur,
813 837 897 901 lilios
909 841 941 902 et
953 835 1080 901 divitias
1092 837 1235 903 omnium

113 927 245 1002 civium,
260 928 500 1011 universamque
516 926 742 1009 rempublicam
759 925 925 1009 aspiciens,
940 925 1000 989 sibi
1016 926 1235 993 allirmandum

115 1016 260 1098 putabat:
285 1017 359 1082 hacc
374 1019 482 1081 omnia
496 1034 567 1082 mea
581 1024 669 1092 sunt,-
689 1020 794 1080 tamen
811 1014 995 1080 litteraliter
1017 1015 1170 1081 et·vcrius
1186 1018 1234 1082 illi

114 1105 284 1170 dicendum
299 1106 394 1172 foret:
412 1106 502 1170 nulla
517 1125 559 1170 eoa
572 1105 619 1168 his
634 1122 703 1168 anca
719 1113 803 1168 sunt.
815 1103 991 1186 Siquidem,
1003 1105 1236 1173 nullambono-

114 1211 287 1276 rumpars,
302 1214 360 1260 nec
373 1200 475 1278 pater,
490 1201 545 1261 aut
559 1199 673 1267 mater,
691 1209 792 1274 neque
807 1211 888 1258 uxor
903 1199 958 1262 aut
974 1195 1035 1258 dlii
1051 1199 1106 1265 aut
1121 1195 1235 1262 iratres

113 1282 149 1347 in
162 1300 218 1347 sua
234 1291 339 1351 essent
353 1289 522 1367 potestate:
534 1302 597 1348 uon
614 1283 690 1346 levis
705 1287 795 1364 gutta
807 1282 840 1346 in
855 1286 944 1349 tanto
961 1301 1079 1374 oceano
1092 1285 1131 1349 ad
1144 1285 1234 1351 illurn

112 1373 323 1455 pertingeret:
341 1374 395 1439 sed
410 1373 517 1438 omnia
532 1373 572 1437 ad
587 1372 816 1454 rempublicam
830 1374 1027 1455 pertinerent
1043 1372 1053 1458 (
1073 1370 1096 1456 ).

202 1461 294 1526 lllll.
311 1463 548 1529 Monstmosum
565 1463 641 1527 adeo
653 1462 840 1544 figmentum
854 1479 911 1528 nec
922 1462 1123 1527 referendum
1138 1469 1231 1539 esset,

113 1548 190 1624 nisi,
212 1557 285 1632 post
300 1551 348 1615 bis
364 1553 453 1616 mille
468 1569 579 1628 annos,
602 1557 722 1617 mentes
736 1550 884 1615 infirniae
898 1552 1112 1616 renovandum
1134 1554 1232 1617 susci·

113 1641 356 1722 pereritPaucis
364 1642 441 1705 illud
452 1642 591 1718 funditus
603 1641 755 1706 evellebat
762 1642 964 1716 Aristoteles,
976 1641 1133 1721 inquiens:
1147 1643 1233 1706 «llo-

112 1729 196 1793 mini
211 1729 273 1794 duo
288 1734 361 1794 sunt
377 1731 473 1805 vitae,
495 1750 551 1796 seu
565 1729 788 1797 sollicitudinis
810 1729 1032 1794 excitamenta:
1054 1731 1233 1811 proprietas
1354 1807 1361 1821 ‚
1579 1801 1582 1808 ,

111 1823 146 1883 et
162 1817 305 1898 olibetum
324 1821 417 1904 Nulla
433 1826 538 1886 autern
554 1818 631 1888 haec
646 1820 680 1884 in
695 1818 837 1885 Platonis
852 1818 1084 1904 Republicat).
1099 1841 1116 1882 n
1134 1819 1234 1886 Grae·
1269 1807 1301 1902 ³1)
1316 1809 1413 1886 ‘imi-s
1424 1815 1479 1870 ΡΟ·

111 1907 160 1972 cia
173 1925 299 1990 quoque
315 1909 537 1994 universaeque
552 1917 661 1992 gentes
675 1908 834 1974 somnium
842 1907 983 1972 Platonis
995 1925 1013 1971 a
1026 1909 1168 1973 moribus
1181 1927 1234 1975 re·
1252 1883 1341 1956 ΜΝ
1357 1887 1380 1943 ¹·

110 1997 270 2062 iecerunt:
291 1997 319 2060 si
335 2016 469 2080 namque
485 1999 645 2066 somniant
660 1997 853 2082 philosophi,
879 2015 920 2061 ne
935 1997 1073 2064 somniet
1090 1998 1138 2063 vel
1153 1998 1236 2064 desi-

110 2086 178 2168 piat
194 2103 304 2156 sensus
317 2087 516 2164 universalis,
530 2093 659 2154 cautum
674 2093 722 2152 est
737 2104 756 2151 a
769 2092 893 2152 natura.
908 2087 999 2151 lllius
1014 2091 1121 2153 tamen
1136 2091 1237 2171 syste-

110 2174 207 2240 matis
224 2175 397 2257 principia,
408 2178 601 2244 Graecorum
617 2181 751 2250 mentes,
765 2176 860 2258 leges,
874 2175 1185 2242 administrationem
1201 2182 1235 2244 et

110 2263 275 2346 politicam
293 2267 511 2332 oeconomiam
531 2267 714 2342 inliciendo,
736 2265 802 2330 lere
822 2265 1033 2346 omniamala
1051 2272 1236 2349 pepererant

109 2353 224 2433 quibus
236 2354 410 2436 respublica
419 2357 492 2438 angi
505 2375 541 2421 ac
550 2355 688 2422 divexari
700 2354 908 2436 caepit.Quod
918 2355 1085 2419 Aristoteli
1093 2354 1236 2419 animad-

110 2457 238 2505 versum
254 2442 328 2517 fuit,
346 2444 399 2525 qui
416 2444 588 2510 discordias
613 2462 649 2509 ac
663 2444 836 2510 seditiones
852 2444 956 2525 gentis
971 2461 1058 2519 suae,
1084 2443 1124 2508 ad
1139 2460 1236 2525 quae-

113 2529 256 2596 stionem
271 2533 311 2596 de
325 2533 522 2614 proprietate
537 2534 706 2599 referebat.
856 2595 862 2604 .

204 2620 265 2685 Xl.
277 2623 411 2697 Revera,
423 2640 494 2687 cum
507 2624 570 2689 late
581 2623 768 2705 pervasisset
780 2619 901 2709 opinio,
917 2620 1072 2687 bonorum
1084 2620 1235 2703 partitio-

112 2725 186 2772 nem
202 2709 342 2789 pendere
354 2727 372 2774 a
384 2712 565 2794 Republica,
580 2712 694 2780 Graeci
709 2711 893 2776 divitiarum
909 2709 1165 2794 inaequalitatem
1182 2728 1235 2775 ve-

112 2797 171 2862 luti
186 2797 436 2878 gubernatorum
450 2801 572 2866 crimen
588 2801 757 2868 habebant:
783 2799 858 2864 inde
874 2796 949 2866 'nero
965 2801 1118 2866 tumultus
1134 2817 1169 2864 ac
1184 2817 1233 2864 se·

111 2885 264 2961 ditiones,
274 2891 310 2951 ut
319 2889 564 2973 adconcupitam
575 2890 797 2972 aequalitatem
805 2889 1020 2972 pervenirent.
1032 2891 1116 2956 Hinc
1124 2906 1158 2952 se
1167 2893 1233 2954 tor-

110 2993 208 3056 quere
224 2976 421 3057 legislatores
441 2980 589 3045 interius
603 2979 807 3062 proprietatis
823 2979 907 3061 quod
924 2983 1035 3045 natura
1052 2980 1179 3052 clamat,
1198 2983 1233 3044 et

112 3064 257 3148 iniquam
268 3066 423 3131 bonorum
431 3068 666 3150 aequalitatem.
677 3068 733 3134 Est
746 3070 827 3150 apud
836 3069 1055 3135 Aristotelem:
1068 3067 1232 3148 «Legum-

112 3152 267 3218 latorihus
278 3172 385 3219 rerum
398 3159 544 3224 omnium
555 3173 676 3222 summa
688 3157 742 3221 illa
748 3175 816 3222 esse
822 3158 958 3232 videtur,
968 3157 1150 3224 divitiarum
1159 3172 1232 3236 par·

111 3241 185 3307 titio
201 3246 235 3309 et
251 3243 445 3311 distributio:
457 3247 649 3313 seditionum
666 3245 747 3321 lons,
758 3249 795 3312 ut
810 3247 871 3330 ipsi
885 3247 1092 3310 arbitrantur.
1106 3243 1232 3309 Phileas

110 3328 366 3398 Calcedoniensis
375 3335 495 3415 primus
503 3335 645 3400 omnium
653 3337 772 3416 posuit,
784 3337 940 3400 honorum
949 3334 1171 3416 aequalitatem
1181 3331 1232 3396 in·
1280 3406 1285 3414 ,

113 3425 161 3484 ter
169 3419 433 3502 civespraeteriri
446 3444 509 3490 non
517 3443 607 3508 posse
615 3423 659 3508 2).
673 3447 690 3488 »
698 3426 778 3491 Tum
789 3425 918 3509 oblique
931 3423 1159 3508 proprietatem
1171 3421 1232 3485 im·
1273 3423 1300 3497 tt
1316 3425 1445 3502 Potitia,
1458 3428 1478 3482 1.

111 3512 222 3589 petere
239 3513 378 3592 aggressi
394 3519 478 3580 sunt.
504 3514 594 3582 Unde
610 3513 714 3596 legum
730 3520 764 3580 et
779 3514 1043 3580 constitutionum
1068 3511 1122 3580 illa
1138 3510 1233 3577 turba

111 3596 277 3678 profluxit,
292 3619 371 3682 quae
384 3602 492 3668 luxum
507 3603 773 3669 contemnendum
789 3604 941 3681 iacerent,
956 3600 1145 3667 laudabilem
1157 3616 1233 3684 pau-

112 3693 287 3767 pertatem,
299 3691 526 3774 frugalitatem,
537 3693 789 3778 simplicitatem,
800 3710 836 3757 ac
844 3692 912 3757 iero
929 3690 1135 3758 necessariam
1147 3707 1234 3756 com-

189 3906 230 3981 σαὶ
239 3905 413 3977 Reipublicae
423 3905 542 3963 Platonis
553 3920 699 3963 censuram
709 3904 918 3963 exhibetcicaro
930 3902 1023 3975 paucis
1034 3902 1153 3961 rerhiszo
1164 3903 1233 3961 Nam

112 3984 241 4054 princeps
255 3983 310 4052 ille,
330 3998 383 4054 quo
399 3997 477 4039 nemo
491 3983 517 4039 in
530 3981 675 4039 scribenda
690 3983 873 4054 praestantior
885 3980 947 4051 luit,
965 3995 1057 4036 aream
1072 3980 1122 4036 sibi
1136 3982 1234 4037 sumsit

111 4061 138 4114 in
151 4076 206 4131 qua
221 4059 359 4116 civitatem
373 4066 514 4115 extrueret
527 4059 680 4116 arbitratu
692 4076 757 4123 sun·
771 4057 940 4127 praeclaram
956 4055 999 4112 ille
1013 4055 1123 4128 quidem
1137 4056 1235 4112 tortas·

112 4151 140 4190 se
152 4136 201 4191 sed
211 4133 893 4192 anttohomtnumabhorrcntemetamoribnsu
907 4131 1027 4205 tCrc.‚de
1037 4131 1174 4204 llep.,ll,l
1184 4135 1194 4186 1
1203 4132 1234 4201 l.

112 4209 179 4267 Cum
201 4226 301 4280 nempe
315 4209 397 4265 alium
412 4226 426 4265 a
441 4211 535 4267 'creato
549 4210 683 4268 hominem
698 4211 747 4267 sibi
762 4217 852 4265 ruente
866 4208 1022 4268 conlisisset
1035 4207 1124 4274 Plato,
1142 4208 1235 4278 imagi·

112 4287 218 4342 uariam
238 4301 346 4358 quoque
360 4285 443 4342 edidit
457 4285 662 4356 rempublicam:
684 4300 753 4358 quae
768 4285 790 4340 si
803 4292 866 4341 actu
881 4283 1079 4355 compleretur,
1094 4282 1236 4339 absurdis·

114 4363 180 4418 sima
199 4361 269 4418 soret
283 4369 363 4435 atque
378 4361 598 4419 sceleratissima.
613 4363 671 4431 Quo
684 4378 758 4419 nunc
771 4361 836 4416 vitio
850 4362 905 4418 lere
919 4375 1014 4416 omnes
1026 4365 1158 4416 tenentur
1169 4358 1236 4412 civi-

115 4436 180 4494 lium
197 4453 291 4495 rerum
306 4439 509 4494 reformatores:
526 4454 578 4494 uon
592 4438 686 4511 quales
699 4445 764 4494 sunt
775 4454 791 4494 a
803 4443 910 4508 natura,
926 4452 974 4493 seo
988 4434 1187 4492 commentitios
1198 4433 1236 4487 si·

114 4512 139 4569 bi
154 4514 280 4572 homines
295 4529 344 4585 pro
358 4513 435 4570 libitu
448 4513 622 4586 effingentes,
638 4513 821 4587 imaginariam
834 4528 943 4586 quoque
960 4511 1020 4586 ipsi,
1033 4511 1108 4567 irrito
1122 4514 1232 4578 conatu,

115 4596 205 4647 mente
222 4590 377 4664 praeierunt
391 4591 559 4649 societatem.
1151 4616 1154 4622 =
