3238 5282
414 307 479 380 236
855 325 1012 374 nrnnnrn.

367 483 451 548 mica
465 479 666 546 consocietur
680 496 778 560 genus
789 479 973 544 cosmum.
987 477 1071 544 liine
1087 477 1224 544 maxima
1240 479 1294 548 illa
1306 488 1499 563 necessitas,

367 590 429 654 qua
445 572 595 637 tenentur
608 573 730 650 gentes,
748 574 784 635 ut
800 569 952 636 naturalis
971 571 1005 634 ct
1019 567 1147 634 divinae
1162 567 1305 636 institiae
1315 571 1498 655 imperinm

368 661 584 733 revereantur,
602 675 699 742 quum
711 657 767 722 illa
782 660 847 723 iarn
862 659 957 726 unica
967 657 1106 738 supersit
1118 657 1169 724 lex
1180 663 1275 748 atque
1292 663 1423 728 unicum
1433 667 1499 730 tri·

368 749 478 824 bunal,
502 764 565 836 quo
587 747 732 830 gentium
747 747 819 814 iura
835 745 883 814 vel
899 749 972 816 lites
986 747 1224 814 rationabiliter
1241 758 1494 834 componentur,

369 857 422 915 ne,
438 842 474 903 ut
488 837 646 903 terentes
660 837 758 902 maris
772 837 898 913 linctus,
915 838 950 903 in
965 854 1000 902 se
1014 835 1140 902 irruant
1155 834 1189 904 et
1200 842 1421 918 conternntur.

465 926 590 994 xvlll.
607 927 690 993 luris
705 926 831 991 socialis
849 929 883 994 ct
897 925 1021 1012 politici
1040 925 1320 1003 constitutionem,
1337 929 1497 998 hactenus

368 1033 408 1082 er
432 1020 545 1083 natura
568 1016 635 1082 sola
649 1016 872 1100 expressimus,
893 1022 932 1084 ,et
945 1017 1014 1082 lere
1028 1015 1263 1100 descripsimus.
1280 1017 1366 1084 llaec
1381 1037 1496 1088 rerum

368 1122 504 1171 summa.
516 1104 598 1171 luris
610 1104 757 1180 societas,
771 1105 916 1190 adquam
927 1104 1049 1172 conditi
1061 1123 1180 1181 sumus,
1192 1105 1237 1172 ita
1248 1106 1423 1189 imperium
1435 1129 1496 1176 ex·

370 1196 532 1278 postulat,
545 1197 594 1270 ut,
609 1194 679 1259 sine
694 1193 766 1270 illo,
788 1211 846 1260 nec
860 1194 1005 1280 populns,
1031 1210 1090 1259 nec
1103 1193 1229 1268 civitas,
1248 1213 1306 1262 nec
1321 1213 1399 1278 gens
1421 1215 1495 1265 esse

368 1284 477 1368 possit.
496 1284 659 1352 Naturalis
674 1288 707 1350 et
721 1284 829 1350 divina
843 1301 917 1350 cuns
932 1285 976 1351 sit
990 1283 1120 1368 imperii
1135 1282 1308 1360 institutio,
1322 1285 1496 1368 obligatio·

369 1391 443 1439 nem
454 1373 570 1457 gignit:
584 1373 809 1439 auctoritatem
820 1391 861 1440 cr
871 1391 946 1450 una,
957 1371 1144 1455 obsequium
1153 1391 1194 1438 ex
1204 1373 1304 1440 altero
1316 1379 1419 1458 parte.
1434 1377 1494 1442 Fi-

368 1464 431 1538 nis,
445 1464 664 1530 universorum
677 1464 755 1529 ordo
767 1467 863 1545 atque
874 1464 1009 1529 utilitas.
1022 1463 1129 1543 Qum
1140 1461 1322 1528 consociata
1334 1463 1403 1529 iura
1416 1483 1495 1546 per·

369 1557 519 1620 maneant
534 1551 698 1627 distinctu,
714 1571 776 1617 non
789 1553 959 1636 permista,
970 1557 1005 1618 ut
1018 1552 1188 1640 imperium
1198 1554 1238 1618 sit
1249 1571 1321 1618 cum
1331 1553 1490 1634 libertate,

369 1643 420 1708 lex
435 1643 581 1725 princeps
594 1642 667 1709 data
682 1646 729 1708 est
745 1659 762 1707 a
780 1646 905 1719 notura,
920 1643 955 1707 in
967 1642 1016 1708 ius
1027 1639 1190 1724 publicum
1200 1642 1426 1719 convertenda,
1440 1649 1494 1710 at·

370 1749 431 1816 quc
443 1749 501 1813 per
512 1732 736 1814 imperantem,
750 1731 840 1814 quusi
852 1726 984 1819 loquens
995 1739 1028 1798 et
1041 1730 1174 1820 risibilis
1186 1731 1321 1807 iustitia,
1337 1745 1494 1797 exercen-

369 1820 422 1885 da.
435 1820 519 1887 lllnc
531 1821 661 1904 imperii
672 1822 793 1906 species
804 1826 967 1897 externae,
980 1821 1109 1903 eiusque
1122 1819 1253 1898 lormne,
1262 1820 1302 1885 de
1312 1820 1428 1903 qulbus
1439 1822 1492 1895 ni-

370 1909 416 1974 bll
431 1910 573 1993 praecise
589 1917 729 1977 enatum
737 1912 961 1986 constitutum,
971 1911 1037 1976 nisi
1049 1915 1084 1977 ut
1096 1926 1194 1992 regna
1206 1908 1329 1976 iustitia
1346 1908 1490 1992 vigeant,

370 1997 502 2080 iuraque
517 2003 680 2066 tueantur.
697 2002 755 2068 list
771 2005 879 2066 tamen
895 2001 929 2066 in
944 1997 1110 2068 bominum
1126 2002 1251 2073 natura,
1264 2007 1440 2082 eorumque
1454 2019 1493 2068 u·

370 2085 492 2160 tilitntc
507 2105 544 2153 ac
559 2089 757 2168 necessitate,
771 2090 856 2170 quod
871 2088 1153 2155 animadvertimus
1163 2105 1204 2153 ex
1210 2086 1378 2163 Cicerone,
1393 2107 1490 2154 «non

369 2177 473 2241 solnm
490 2181 525 2243 ut
535 2177 652 2242 summi
664 2178 782 2245 virtute
793 2183 827 2244 ct
839 2180 947 2243 animo
956 2172 1138 2262 praeessent
1148 2175 1490 2252 imbecillioribus,sed

127 2266 150 2338 lt
162 2269 260 2339 supra,
270 2266 347 2333 t-lll·
371 2270 408 2332 ut
423 2266 458 2332 bl
473 2267 572 2333 etiam
587 2251 698 2350 parire
713 2269 845 2334 summis
861 2268 961 2336 velint
978 2267 1020 2354 1);
1041 2291 1058 2332 n
1075 2265 1211 2349 imperio
1221 2265 1490 2350 deniqueconsti-

124 2360 150 2434 2)
163 2366 188 2426 b·
207 2361 254 2417 lll.
373 2360 456 2443 tuto,
475 2375 515 2422 ne
528 2357 681 2423 Titanum
690 2357 807 2424 bellurn
823 2357 1052 2442 renovatore).
1072 2353 1225 2422 Absoluta
1239 2359 1347 2423 antem
1362 2371 1490 2437 semper

371 2451 405 2512 et
419 2446 536 2528 ubique
551 2445 730 2528 imperandi
746 2449 805 2524 vis,
816 2449 850 2513 in
866 2447 986 2530 populo
1000 2443 1189 2529 pracsertim
1206 2445 1302 2510 nimis
1312 2444 1489 2528 periculosa

372 2539 407 2601 et
427 2536 553 2617 ingens,
576 2536 638 2600 nisi
653 2537 713 2602 Dei
728 2538 925 2620 praefulgeat
939 2553 976 2602 ac
990 2539 1111 2602 terreat
1129 2533 1312 2618 imperium.
1331 2531 1431 2600 Cuius
1446 2533 1491 2598 le-

372 2642 445 2707 gem
455 2625 695 2709 sempiternom,
708 2639 893 2712 semperque
904 2630 1015 2710 patens
1025 2622 1179 2699 tribunal,
1193 2623 1257 2689 nisi
1271 2627 1384 2706 gentes
1395 2639 1491 2688 rene·

284 2747 288 2753 ·
370 2719 494 2795 rentur,
509 2710 1489 2798 nibilessetquounuiurissocietatecolligerentur,iustitiam

369 2805 529 2877 colerent,
546 2821 565 2869 a
580 2803 741 2871 violentiis
757 2810 852 2889 atque
866 2803 999 2871 excidiis
1014 2807 1246 2870 averterentur.

258 2905 260 2908 ’
417 2903 420 2910 ’
460 2893 554 2960 XlX.
572 2893 659 2977 Ergo
673 2895 805 2978 politico
820 2898 854 2960 ot
869 2894 995 2978 publica
1009 2892 1092 2970 iura,
1105 2893 1152 2959 lta
1162 2888 1414 2959 substantialiter
1425 2894 1491 2958 tra·

370 2981 440 3049 dita
453 2988 529 3050 sunt
542 3000 561 3048 a
576 2989 702 3060 natura,
718 2989 754 3050 ut
767 2983 866 3050 tacite
880 2987 976 3066 etque
986 2982 1073 3048 ultro
1088 2983 1162 3048 inde
1172 2981 1338 3048 bominum
1354 2980 1490 3046 socicta

371 3076 420 3137 tes
436 3073 758 3148 effunderentumsive
772 3073 899 3155 regibus
907 3091 1017 3138 omnes
1025 3078 1192 3153 parerent,
1203 3071 1288 3156 quod
1294 3069 1432 3154 propius
1442 3077 1489 3136 est

371 3161 412 3226 od
426 3167 585 3250 naturam,
603 3179 693 3227 more
710 3161 862 3238 familiae,
878 3162 1053 3244 simplicius
1068 3160 1294 3245 etpromptius
1308 3159 1488 3242 impemndi

369 3270 482 3333 genns3
500 3254 567 3320 sive
583 3253 668 3318 aliud
683 3252 759 3338 quid
774 3269 879 3320 mores
892 3252 1041 3324 tulerint,
1055 3251 1091 3315 in
1100 3247 1489 3336 parrispraesertimciri-

372 3343 504 3419 tatibus,
521 3343 561 3408 ad
576 3342 697 3425 regiam
709 3346 817 3409 tomen
832 3340 971 3407 formem
985 3341 1054 3407 lore
1068 3357 1193 3424 semper
1206 3337 1367 3408 conversis
1382 3341 1489 3420 genti-

372 3430 441 3508 bus,
459 3432 521 3518 etsi
531 3447 649 3496 nomen
663 3431 797 3496 deesset.
816 3429 888 3497 Uno
904 3431 1013 3508 verbo,
1028 3434 1065 3497 ut
1077 3430 1162 3513 leges
1172 3447 1245 3495 sero
1260 3424 1406 3494 moribus
1419 3445 1487 3492 suc-

369 3521 594 3596 ·cesserant‚ita
603 3515 1486 3603 politicaeconstitutiones,quibusimperandiiurabunc

374 3612 423 3675 sel
437 3610 526 3675 illam
540 3610 768 3676 accidentalem
775 3609 914 3676 formum
925 3610 1119 3694 acciperent.
1130 3609 1174 3677 Ut
1186 3606 1286 3696 igitur
1295 3605 1435 3673 societas
1443 3625 1489 3673 es·

372 3703 433 3774 set,
442 3697 601 3782 provisum
614 3704 661 3766 est
672 3715 691 3766 a
704 3703 828 3775 natura3
837 3699 1254 3784 descriptustlnis,nequitus
1260 3695 1406 3780 gentium
1415 3713 1489 3762 con-

372 3788 877 3866 stitute.llociundarnento,oum
890 3789 1055 3872 multiplex
1066 3789 1166 3856 eitius
1176 3787 1343 3872 politicum
1355 3786 1406 3852 rel
1415 3803 1489 3868 gen-

373 3875 467 3951 tium,
485 3879 628 3961 aequitas
648 3883 756 3944 tamen
773 3881 847 3945 unni
865 3881 934 3945 lloc
954 3878 982 3944 si
998 3884 1118 3955 teneas,
1143 3879 1267 3961 reliqua
1289 3874 1486 3943 evolventur:

372 3965 401 4030 si
416 3965 555 4040 reiicias,
573 3966 687 4032 sociale
694 3975 825 4048 pactum
839 3969 989 4052 effingens
999 3967 1171 4052 piscubcris
1186 3968 1221 4032 ln
1233 3965 1319 4031 aiirc.

462 4055 551 4140 Quae
562 4055 680 4138 raptim
691 4057 861 4122 coniuncta
872 4056 1105 4141 descripsimus,
1116 4075 1199 4123 nunc
1207 4053 1356 4140 ampliori
1370 4070 1489 4118 sermo

374 4163 414 4211 ne
430 4163 666 4227 persequamur,
676 4144 876 4230 primumque
887 4145 1027 4228 depacto
1037 4145 1149 4213 speses
1159 4161 1300 4230 agamus,
1310 4141 1396 4229 quod
1405 4153 1489 4224 apo

327 4239 329 4244 '
373 4235 429 4300 ctis
438 4233 719 4318 politicis,scilicet
734 4247 752 4299 a
768 4234 1056 4303 fundamentalibus
1068 4253 1238 4320 regnorum
1250 4230 1489 4301 constitutioni-

372 4324 442 4400 bus,
458 4327 550 4390 caute
565 4329 613 4390 est
628 4324 868 4390 secernendum:
885 4324 1052 4392 nonenim
1065 4329 1233 4410 repugnet,
1243 4321 1279 4389 ut
1292 4321 1432 4394 naturali
1445 4322 1488 4384 iu-

372 4431 408 4479 re
423 4414 597 4483 constituta
612 4412 735 4496 civitas,
753 4413 907 4500 speciales
921 4413 1040 4482 iormas
1055 4415 1194 4502 politicis
1209 4411 1308 4499 pactis
1324 4411 1472 4496 accipiat.

676 4629 678 4635 '
786 4631 1073 4666 *QG-¹·-
