3228 5280
443 288 510 358 331
867 302 1027 354 urnrnrn.

492 454 540 522 X.
560 455 634 534 Sed,
656 454 816 539 inquinat,
834 453 896 519 duo
911 454 1110 535 praesentem
1126 449 1312 516 civilitatem
1328 449 1518 533 perficiunt:

397 543 541 622 libertus,
558 544 701 611 omnium
717 545 834 610 civium
851 541 1036 624 aequalitas.

485 634 631 700 Libertas
644 651 662 698 a
677 635 749 699 iure
763 634 872 700 divino
887 635 935 697 est
953 630 1139 696 atheismus:
1159 646 1214 694 vos
1231 646 1309 710 ergo
1320 628 1518 698 atheismum

397 740 456 805 pro
472 723 618 789 libertate
629 723 717 788 civili
733 721 920 788 obtruditis?
932 719 1050 803 lmpios
1062 718 1207 783 homines
1222 718 1396 784 libertatem
1407 723 1519 788 cornis

164 810 188 881 tt
202 810 375 886 sustitit,
397 812 628 878 introducentes
641 813 707 878 iam
722 810 944 878 Tridentinum
960 807 1125 875 exhorruit
1138 806 1180 890 il:
1198 826 1254 873 ves
1264 825 1342 889 ergo
1354 808 1449 874 illam
1467 830 1519 876 re-

144 964 227 1020 trtm.

146 885 183 941 ‘¹⁶
209 902 288 947 ⁸⁶⁰?-
310 903 378 947 Μ·
396 901 637 968 steuratist-Sed
651 919 733 984 quae
745 901 884 972 libertas,
898 900 973 964 dum
985 897 1195 964 ecclesiastica
1206 898 1365 979 abrogatis
1376 897 1519 982 impedi-

395 994 515 1065 menta,
529 994 562 1056 et
575 989 947 1056 vestraoootrsuentibus
958 987 1138 1071 imponitis?
1147 984 1235 1064 Quae
1245 987 1517 1056 conscientiarum

393 1079 615 1154 libertandum
627 1081 835 1145 matrimonio
847 1077 934 1143 civili
946 1079 1087 1142 iunctam
1099 1074 1267 1141 mulierem
1278 1077 1362 1157 apud
1371 1081 1518 1151 nosnul-

396 1167 519 1235 latenus
534 1169 617 1251 apud
631 1169 746 1243 Deum,
759 1168 829 1234 viro
840 1170 1073 1232 sacramentum
1085 1163 1264 1238 reiiciente,
1279 1165 1518 1248 inperpetuum

394 1257 650 1332 fornicationem,
668 1263 830 1323 terrenum
849 1256 938 1340 quasi
952 1254 1126 1327 internum,
1144 1253 1214 1334 lege
1229 1257 1332 1318 vestra
1347 1257 1518 1338 compelli-

395 1346 453 1411 tis?
467 1346 542 1413 dum
558 1347 830 1412 sacramentaliter
841 1346 1027 1410 coniunctos
1037 1342 1232 1424 disiungitis,
1249 1343 1426 1409 disiunctos
1440 1364 1516 1412 nero

394 1436 489 1502 simul
500 1435 644 1502 babitare
660 1436 786 1517 cogitis,
801 1437 851 1500 vel
869 1435 908 1499 ad
921 1435 1020 1498 libera
1039 1438 1072 1498 et
1088 1449 1160 1522 vera
1172 1435 1247 1502 vota
1259 1433 1398 1514 negatis?
1410 1435 1514 1500 Deum

395 1525 502 1608 itaque
515 1524 674 1607 expellitis
685 1525 755 1589 iura
767 1525 936 1601 terentem,
955 1539 1068 1604 vosque
1084 1523 1170 1603 ipsos
1184 1525 1218 1586 et
1233 1520 1317 1602 leges
1324 1526 1448 1588 vestras
1457 1543 1515 1607 pro

393 1613 532 1680 Numine
547 1613 755 1680 constituitis.
773 1613 928 1678 Homines
942 1612 1067 1676 scilicet
1082 1629 1100 1676 a
1117 1609 1310 1675 lieo-liberos
1323 1611 1466 1696 efficitis,
1480 1618 1516 1678 ut

393 1707 496 1768 vestro
508 1703 643 1768 arbitrio
652 1707 684 1768 et
692 1702 837 1767 servituti
850 1698 1213 1782 mancipentur.Civium
1221 1699 1451 1779 aequalitatem
1457 1720 1517 1785 pro

271 1781 274 1788 ’
392 1790 461 1858 iure
474 1792 704 1873 perfectissimo
715 1791 1006 1870 extollitislirgoue
1019 1788 1163 1872 aequales
1175 1787 1376 1868 irreligione
1392 1790 1513 1866 iudaei,

391 1881 541 1964 catholici
553 1888 586 1947 et
600 1879 827 1964 protestantes?
842 1879 1054 1960 Religionem,
1068 1877 1215 1961 inquitis,
1233 1894 1295 1942 non
1311 1880 1512 1960 quaerimus:

392 1970 510 2052 legibus
525 1970 632 2037 civiles
647 1969 845 2035 matrimonii
861 1966 1191 2040 effectussubiicimus.
1200 1965 1339 2032 Parcite:
1350 1967 1402 2033 vel
1418 1986 1471 2032 res
1482 1976 1515 2034 et

391 2060 483 2123 verba
496 2060 660 2139 ignoratis,
678 2059 729 2122 vel
743 2058 893 2139 ampliter
908 2056 1105 2121 mentimini.

448 2167 453 2176 ·
481 2147 542 2212 Xl.
559 2148 654 2221 Nam,
671 2146 801 2211 effectus
816 2146 924 2211 civiles
939 2150 1014 2211 sunt
1029 2145 1096 2227 qui,
1114 2143 1221 2226 posito
1238 2142 1449 2212 matrimonio
1465 2165 1515 2211 re-

392 2239 442 2310 cte
457 2235 552 2308 inito,
567 2235 743 2300 materialia
754 2236 924 2316 conjugum
935 2235 1005 2298 iura
1016 2234 1200 2316 respiciunt.
1211 2233 1275 2298 llos
1287 2250 1390 2315 neque
1402 2236 1513 2300 Eccle-

393 2323 453 2398 sia,
471 2341 572 2406 neque
587 2325 686 2388 ullum
703 2323 751 2388 ius
767 2323 910 2405 gentium
926 2323 1012 2388 civili
1028 2339 1164 2406 unquam
1179 2322 1330 2404 potestati
1345 2323 1510 2391 subduxit.

393 2412 494 2480 Sinite
505 2429 581 2493 ergo
594 2413 770 2496 utquisque
782 2413 870 2478 iuxta
880 2412 1069 2494 religionem
1081 2427 1170 2476 suam
1181 2411 1423 2476 matrimonium
1434 2432 1514 2478 con·

393 2501 509 2576 trahat,
530 2520 582 2566 vos
598 2502 711 2567 deinde
721 2501 833 2567 civilia
848 2501 959 2567 dicetis
974 2501 1056 2566 iura.
1075 2504 1119 2565 nt
1133 2517 1188 2564 vos
1203 2505 1236 2564 et
1251 2498 1425 2582 religiones
1441 2521 1511 2568 om-

393 2608 447 2655 nes
458 2592 678 2667 contemnitis,
692 2609 764 2655 cum
777 2589 933 2656 celebrata
940 2590 1089 2675 quolibet
1100 2588 1166 2652 ritu
1177 2589 1383 2654 matrimonia
1391 2608 1513 2672 expuu-

390 2678 477 2760 gitis,
498 2681 645 2761 nullaque
657 2679 719 2745 nisi
731 2685 835 2746 vestro
848 2680 979 2744 numine
990 2683 1115 2744 sacrata
1124 2677 1281 2760 recipitis.
1295 2679 1381 2760 Ergo
1394 2679 1510 2746 laisum

327 2785 330 2790 ·
389 2769 472 2852 quod
487 2769 672 2853 hypocritae
687 2771 849 2852 inquiunt,
868 2769 970 2850 legem
986 2767 1113 2834 civilem
1129 2767 1168 2831 de
1182 2767 1346 2834 effectibus
1360 2765 1510 2834 civilibus

390 2858 599 3034 οοιιιξξξιιιιῑθὶ
615 2859 691 2924 ι1ιιιιι
706 2859 745 2923 de
760 2858 831 2940 ipso
843 2855 1176 2925 matrimoniivinculo
1191 2856 1509 2924 absolutissimoiure

390 2963 465 3011 cons
482 2965 493 3010 1
510 2967 569 3011 ur.
619 2958 642 3030 ).

388 3121 454 3196 giis,
469 3121 570 3193 perche
585 3139 651 3182 sono
665 3139 746 3180 senza
760 3123 902 3194 proprieti
914 3138 930 3180 s
944 3137 1023 3180 senza
1035 3120 1152 3194 iamigiia
1165 3141 1177 3172 ι
1195 3120 1441 3194 (Dicbtorosione
1453 3122 1504 3181 det

393 3201 511 3256 Vescoot
523 3197 604 3256 detio
614 3203 770 3274 procincto
779 3199 982 3258 ecclesiastico
992 3198 1024 3255 cit
1038 3197 1193 3265 cinnabori,
1205 3196 1335 3254 relatiua
1345 3197 1378 3254 ul
1385 3205 1507 3272 propet-

387 3279 416 3328 to
429 3272 462 3329 di
475 3274 553 3348 ioppe
565 3275 612 3332 sni
625 3278 819 3332 matrimonio
833 3274 917 3332 civile
928 3279 1099 3349 presentato
1113 3271 1181 3330 alta
1198 3273 1326 3331 Camena
1339 3271 1388 3332 del
1404 3278 1506 3349 nepa-

385 3353 446 3406 tots
458 3353 491 3407 in
508 3353 624 3422 Terina,
638 3349 663 3406 il
680 3354 710 3408 t?
725 3353 834 3424 pintpno
850 3350 941 3423 1852).

463 3427 504 3481 lta
514 3425 661 3498 loquuntur
670 3427 807 3497 Episcopi.
820 3425 1064 3494 lamvero,ublnam
1077 3423 1349 3499 invenitnrsspieptia
1362 3424 1461 3498 civilis,
1478 3426 1504 3482 in

388 3497 529 3573 Episcopis
542 3505 588 3573 qui
602 3503 637 3557 ita
653 3502 859 3574 ratiocinantur,
874 3517 908 3557 an
922 3501 948 3558 in
961 3501 1081 3558 comitiis
1095 3515 1163 3572 quae
1178 3501 1345 3571 propositam
1359 3499 1449 3572 legem
1464 3500 1504 3558 is·

387 3577 452 3630 stine
468 3586 611 3647 exceptam
626 3577 694 3648 suis,
710 3583 739 3632 ut
754 3593 814 3633 mor
830 3575 990 3648 videbimus,
1006 3576 1139 3647 suilragiis
1153 3574 1388 3645 approbaverunt?

462 3651 503 3722 tol
516 3655 636 3710 Petimus
650 3667 667 3706 u
680 3653 780 3709 nostris
791 3654 858 3708 utin
870 3651 1041 3708 matrimonio
1054 3651 1168 3722 ejusque
1182 3651 1334 3723 effectibus,
1347 3667 1402 3705 uon
1416 3652 1502 3724 magis

385 3732 570 3794 protestantes
584 3730 641 3784 beri
656 3729 739 3785 velint
750 3743 831 3798 quam
842 3728 893 3798 ipsi
905 3733 1101 3798 protestantes.
1113 3727 1228 3783 Nimium
1240 3726 1289 3785 ne?
1298 3728 1380 3798 Atqui
1397 3728 1422 3783 1.
1435 3741 1503 3798 pro-

384 3806 518 3856 testantes
532 3805 732 3860 matrimonium
747 3803 848 3860 babeot
863 3811 962 3860 utrem
975 3807 1183 3867 conscientiae,
1199 3802 1313 3874 ideoque
1327 3816 1430 3859 causas
1443 3818 1502 3858 ma·

384 3874 553 3932 trimoniales
567 3879 601 3935 ad
613 3879 702 3938 iorum
714 3877 928 3950 ecclesiasticum
937 3895 999 3935 esse
1008 3877 1183 3934 deferendas.
1195 3878 1289 3934 Tradit
1298 3879 1371 3934 enirn
1383 3893 1500 3950 maguae

384 3950 456 4007 inter
471 3949 531 4006 iilos
545 3954 715 4010 auctoritatis
728 3954 905 4012 Boebmerus:
931 3975 942 4005 ι
962 3957 1148 4010 protestantes
1161 3961 1317 4026 sequuntur
1330 3954 1373 4010 ius
1388 3951 1499 4022 pontiti·

383 4027 466 4082 cium:
483 4028 607 4100 quamvis
621 4029 693 4084 enim
707 4036 808 4101 negent
827 4030 1029 4087 matrimonium
1050 4047 1113 4086 esse
1126 4035 1339 4100 sacramentum,
1355 4030 1499 4085 existima·

382 4109 446 4161 ruot
458 4109 551 4158 tamen
566 4103 681 4159 maiores
700 4106 787 4160 nostri
805 4103 1045 4163 matrimoniales
1058 4121 1170 4162 consus
1188 4103 1229 4160 od
1242 4119 1332 4162 costes
1345 4109 1498 4160 conscien-

381 4185 445 4237 tice
458 4195 518 4237 esse
531 4177 714 4256 referendos,
728 4195 844 4250 quorum
860 4195 923 4236 cum
936 4197 989 4237 nou
1004 4181 1138 4237 babeatur
1149 4183 1218 4237 ratio
1231 4181 1256 4236 in
1270 4181 1329 4237 ioro
1343 4181 1492 4253 saeculari,

275 4273 281 4282 ·
382 4257 478 4313 merito
488 4257 597 4314 easdem
609 4255 705 4311 iudicio
715 4254 903 4312 ecclesiastico
916 4271 979 4314 esre
990 4256 1176 4330 delegandasn
1192 4258 1253 4330 (Ins
1265 4253 1346 4312 Eccl.
1355 4261 1496 4330 protest,

381 4340 448 4387 torn.
465 4332 500 4403 lt,
517 4333 537 4388 1.
554 4335 581 4403 2,
597 4339 617 4387 t.
636 4335 665 4402 2,
680 4335 696 4396 s
710 4328 772 4399 att.
794 4332 924 4404 Coniugia
938 4333 1029 4405 itaque
1045 4347 1195 4404 eorumque
1217 4346 1332 4402 causes,
1348 4346 1382 4386 es
1399 4338 1496 4402 prote·

381 4407 515 4463 stantibus
529 4407 562 4462 ad
577 4411 789 4464 conscientium
803 4409 940 4476 pertinent
951 4415 1032 4482 atque
1043 4407 1185 4483 adseram
1195 4407 1356 4465 Ecclesiae.
1370 4407 1430 4463 lloc
1438 4409 1496 4477 pri·

381 4497 455 4538 mum
469 4489 495 4539 ct
508 4481 705 4539 tundameutale
717 4483 887 4553 principium.
902 4487 929 4539 1.
942 4485 981 4540 Er
993 4483 1087 4540 iisdem
1100 4483 1323 4554 protestantibus,
1335 4497 1443 4538 causae
1455 4484 1497 4537 ci·

383 4557 448 4612 viles
463 4573 531 4628 qnae
545 4573 578 4613 ex
593 4559 752 4616 matrimonii
766 4557 903 4617 validitate
916 4559 1089 4621 resolvendae
1104 4561 1168 4633 sint,
1185 4557 1393 4632 suspenduntur
1411 4559 1439 4614 in
1456 4559 1497 4616 lo·
