3238 5282
426 286 494 357 218
873 298 1019 350 aranon.

383 454 420 519 ln
436 452 540 537 prima
549 449 671 535 specie,
689 465 729 517 ex
742 446 811 514 sola
825 448 917 532 culpa
932 448 1000 514 loto
1011 447 1061 516 vel
1076 446 1116 514 ad
1132 446 1233 515 levem
1247 447 1432 528 accedente,
1442 464 1514 518 sar·

383 541 488 606 ciendi
503 541 658 623 obligatio
673 537 828 607 exoritur:
846 554 922 602 nam
931 537 992 621 gui
1008 555 1078 603 rem
1093 536 1233 604 alienam
1248 538 1283 604 in
1294 539 1389 605 unius
1403 540 1513 608 domi-

385 630 420 696 ni
434 629 636 696 commodum
648 627 800 702 custodit,
816 626 895 692 satis
909 641 1021 692 curare
1033 625 1188 703 creditur,
1204 627 1233 692 si
1249 632 1286 693 ut
1299 645 1390 694 suam
1404 636 1511 704 caret,

160 718 184 792 ll
199 718 362 786 lasteli).
384 736 587 798 communem
595 719 719 784 scilicet
727 715 928 798 diligentiam
936 715 1084 781 adhibeat
1095 713 1138 800 1).
1148 716 1187 781 ln
1194 717 1295 784 altera
1307 717 1513 798 specie,non-

139 797 187 871 ¹¹¹,
199 802 220 854 t.
238 798 362 871 15‚s.a.
386 825 426 872 oe
442 807 474 872 ei
487 809 544 890 qui
559 807 738 874 liberaliter
752 806 831 871 adeo
848 801 937 879 iecit,
954 803 1199 886 diligentissima
1213 806 1262 870 rel
1278 806 1391 872 saltem
1405 813 1513 875 custo·

385 895 438 961 dia
453 897 597 972 debetur,
608 896 653 962 ita
665 900 700 961 ut
711 895 869 961 levissimo
883 911 1007 977 quoque
1018 894 1109 977 culpa
1123 893 1274 976 fugienda
1287 893 1437 962 sitlllinc
1447 917 1465 957 a
1474 897 1510 962 in

385 985 477 1050 rebus
489 984 700 1050 commodatis
706 983 777 1050 talis
785 982 953 1064 diligentia
966 983 1153 1065 praestanda
1165 989 1226 1060 est,
1240 985 1364 1066 qualem
1374 987 1512 1068 qumque

385 1074 642 1158 dilipeattssimus
653 1068 883 1157 paterfamilias
893 1072 959 1136 suis
969 1071 1212 1149 rebusadlribet;
1222 1071 1375 1139 itauteos
1384 1078 1510 1142 tantum

160 1160 186 1232 ²l
199 1160 364 1237 ulamau.
386 1180 474 1228 casus
487 1158 1509 1248 nonpraestet,quibusresistinonpossit2).ulntertiademum,

149 1242 193 1310 ¹³2
204 1243 226 1293 ¹·
239 1240 267 1294 ⁶·
387 1257 423 1318 ut
443 1269 546 1333 neque
566 1269 607 1318 er
622 1251 762 1316 maxima
778 1265 880 1331 neque
896 1265 936 1313 ex
950 1248 1098 1334 minima,
1114 1249 1224 1316 seder
1242 1254 1312 1336 tota
1331 1252 1440 1317 media
1463 1252 1512 1320 vel

387 1340 449 1406 levi
461 1340 554 1424 culpa
566 1345 727 1415 teneatur,
745 1354 880 1421 aequum
892 1341 952 1403 est.
969 1338 1143 1426 Tenebitur
1158 1343 1264 1404 tamen
1281 1357 1322 1405 ex
1335 1338 1509 1418 levissimo,

386 1429 414 1494 si
430 1447 586 1494 summanr
602 1430 670 1513 ipse
677 1427 878 1512 diligentiam
890 1425 1089 1509 promiserit,
1101 1427 1150 1494 rel
1160 1426 1392 1510 peritissimum
1403 1447 1438 1494 se
1447 1431 1511 1497 iao·

388 1518 515 1596 mverit,
526 1518 575 1584 vel
583 1519 710 1601 resipsa
717 1516 998 1601 exquisitissimam
1006 1515 1206 1599 diligentiam
1213 1520 1410 1600 poposcerit.
1426 1519 1511 1600 Qua·

388 1625 436 1684 re,
450 1607 599 1672 mercede
613 1607 788 1674 conductus
802 1610 922 1670 utrem
938 1604 1084 1686 fragilem
1092 1604 1276 1680 transierat,
1287 1626 1308 1666 a
1325 1607 1354 1672 si
1365 1609 1444 1672 dum
1451 1611 1511 1678 tol-

388 1696 477 1773 litur,
499 1701 556 1762 aut
576 1700 734 1779 portatur,
753 1700 810 1761 aut
825 1694 1004 1777 reponitur,
1022 1692 1124 1760 lracta
1142 1693 1198 1768 sit,
1215 1696 1263 1760 ita
1279 1695 1314 1760 id
1330 1697 1512 1779 periculum

389 1789 540 1868 praestat,
558 1786 585 1849 si
601 1803 662 1869 qna
678 1785 790 1867 ipsius,
807 1798 980 1864 eorumque
991 1801 1233 1867 quommopera
1244 1786 1403 1861 uteretur,
1417 1787 1511 1870 culpa

390 1874 555 1940 acciderits
572 1875 663 1957 culpa
678 1878 785 1939 autem
796 1873 898 1948 abest,
915 1871 943 1936 si
958 1872 1067 1936 omnia
1083 1873 1261 1950 factasunt,
1275 1891 1356 1956 quae
1370 1874 1510 1958 diligen·

167 1961 368 2036 altaspata
390 1962 533 2029 tissimus
548 1963 679 2046 quisque
699 1961 918 2028 observatunrs
933 1959 1046 2026 luisset
1062 1956 1105 2046 3).
1125 1984 1143 2024 o
1197 1982 1201 1995 ,

146 2041 175 2113 ⁹2
186 2044 208 2096 ¹·
223 2043 250 2115 ²2
262 2045 288 2106 S·
305 2039 329 2097 ⁷·
479 2052 540 2117 IX.
554 2053 592 2117 ln
604 2050 691 2137 quasi
703 2050 919 2117 contractibus
933 2067 1031 2132 quum
1042 2068 1078 2115 ea
1093 2050 1247 2134 sintquae
1253 2049 1402 2118 homines
1409 2071 1452 2119 ex
1463 2053 1511 2120 oi·

390 2140 464 2206 licio
478 2141 622 2224 altaeque
636 2141 785 2208 instituto
797 2139 931 2213 iaciunt,
944 2139 971 2202 si
983 2139 1165 2220 ignorantia
1177 2140 1226 2205 rel
1238 2140 1434 2222 negligentia
1444 2143 1511 2208 cul·

389 2230 536 2312 pntilltcr
547 2235 693 2305 noceant,
701 2234 852 2296 tenentur
859 2228 898 2293 ad
913 2228 1040 2293 damna.
1051 2225 1086 2294 Si
1097 2229 1184 2293 enim
1196 2229 1379 2311 ignorantia
1390 2249 1447 2296 eos
1462 2231 1511 2298 ol·

393 2319 476 2385 liciis
491 2320 630 2401 impares
644 2319 771 2394 efficiat,
789 2318 927 2384 officium
943 2316 1120 2384 dimittant:
1133 2335 1204 2382 eam
1220 2335 1295 2383 vero
1311 2320 1447 2404 quisque
1463 2321 1511 2385 di-

395 2410 562 2490 ligentiam
584 2413 734 2492 praestet,
751 2411 847 2492 quam
861 2406 910 2472 rei
928 2405 1072 2471 conditio
1086 2409 1120 2472 et
1134 2406 1273 2489 gravitas
1285 2409 1507 2491 postulaverit.

394 2497 646 2575 recuratiorem,
664 2499 692 2562 si
708 2498 852 2564 mercede
866 2495 1051 2571 conductus;
1070 2496 1118 2562 vel
1134 2513 1196 2580 quo
1212 2495 1316 2561 maior
1332 2497 1372 2562 lis
1394 2499 1507 2575 instat,

393 2586 421 2650 si
436 2586 675 2664 iureconsultus,
693 2588 741 2651 vel
752 2604 815 2669 quo
830 2584 1038 2669 periculosior
1049 2585 1177 2652 morbus
1191 2590 1297 2666 urget,
1311 2586 1339 2650 si
1354 2589 1507 2662 medicus:

395 2674 444 2741 vel
459 2693 522 2759 quo
537 2674 724 2755 diligentior
738 2651 904 2756 vigilaffla
912 2673 1099 2758 requiritur,
1114 2678 1151 2738 ut
1159 2673 1192 2737 in
1201 2673 1449 2758 pharmacopola
1456 2677 1510 2761 qui

393 2780 514 2841 venena
529 2768 633 2828 servat
648 2767 743 2846 atque
758 2762 973 2839 administrae,
990 2763 1040 2827 vel
1055 2781 1118 2846 quo
1135 2781 1186 2828 res
1199 2762 1305 2828 maior
1319 2765 1458 2846 geritur,
1476 2770 1511 2830 ut

164 2916 369 3005 ἥῆἥῆἥ
393 2851 1510 3024 racematartaatalaattrattaaausast

148 2998 195 3138 ⁵25
205 2993 316 3144 ἓὲὸίέἳ
325 3075 373 3130 iu,
393 3049 433 3096 cx
447 3031 594 3106 consilio,
608 3030 779 3096 dummodo
794 3029 1025 3095 iraudulentum
1043 3047 1106 3094 non
1122 3030 1232 3106 luerit,
1249 3029 1412 3111 obligatur
1428 3031 1460 3116 5)
1477 3056 1506 3096 s.

76 3167 79 3172 -
146 3149 197 3210 fg,
210 3147 235 3201 in
248 3149 274 3202 g,
393 3121 441 3186 De
456 3119 497 3183 iis
512 3121 597 3185 enim
614 3120 683 3185 iura
694 3121 879 3202 loquuntur,
896 3118 951 3201 qui
969 3136 1033 3182 non
1047 3137 1087 3184 ex
1097 3119 1194 3184 ollicii
1205 3117 1509 3195 instituto,exbona

393 3215 500 3274 autem
515 3210 577 3274 fide
592 3208 762 3274 consilium
776 3208 934 3274 dederint:
952 3225 1031 3289 quos
1045 3208 1073 3271 si
1084 3208 1226 3286 damnes,
1241 3207 1347 3272 omnis
1363 3209 1507 3274 consiliis

393 3298 509 3373 aditus,
527 3299 612 3363 malo
629 3298 821 3381 reipublicae
837 3296 904 3361 lato
918 3297 1183 3379 praecluderetur.
1202 3295 1288 3362 Aliis
1304 3314 1379 3362 vero
1395 3298 1453 3382 qui
1468 3317 1507 3364 ex

393 3388 471 3452 artis
485 3405 559 3452 suae
574 3388 623 3453 vel
634 3387 786 3452 scientiae
800 3385 904 3451 officio
920 3385 1039 3468 aliquid
1058 3385 1182 3467 egerint
1198 3390 1254 3450 aut
1273 3387 1507 3462 consuluerint,

347 3537 356 3552 ,
392 3475 454 3542 hoc
470 3476 636 3541 dicendum
653 3476 736 3561 quod
750 3475 789 3539 de
797 3473 931 3540 medicis
942 3471 1113 3546 declaravit
1121 3474 1428 3557 Ulpianus:«Sicuti
1442 3495 1508 3542 me-

392 3564 464 3630 dico
478 3565 630 3649 imputari
646 3567 775 3632 eventus
788 3563 995 3630 mortalitatis
1012 3581 1075 3628 non
1092 3563 1197 3640 debet3
1212 3563 1258 3628 ila
1273 3557 1356 3647 quod
1372 3583 1433 3648 per
1447 3567 1509 3632 im-

388 3651 543 3734 peritiam
558 3654 731 3729 commisit,
748 3652 902 3736 imputari
917 3653 948 3717 el
965 3653 1070 3718 debet.
1085 3653 1258 3719 Praetextu
1273 3652 1433 3719 humanae
1447 3654 1511 3721 ira-

392 3742 539 3823 gilitatis,
553 3744 704 3811 delictum
717 3742 905 3828 decipientis
916 3741 950 3806 in
963 3742 1104 3825 periculo
1113 3740 1270 3818 homines,
1279 3743 1452 3808 innoxium
1463 3761 1512 3808 es-

165 3836 371 3913 tln.6,§.l,ll,
392 3848 426 3894 se
442 3849 505 3895 non
521 3832 614 3898 debet
625 3831 669 3917 6).
690 3855 707 3896 o

145 3914 192 3970 Μ’·
206 3915 227 3989 Ιῆ
240 3921 262 3972 ¹·
279 3917 322 3971 ¹⁸·
482 3920 526 3985 X.
544 3921 702 3987 Hactenus
709 3921 748 3986 de
759 3920 965 4005 obligationis
973 3921 1088 3996 titulis,
1100 3938 1184 3984 nunc
1194 3922 1234 3985 de
1244 3937 1380 4002 persona
1388 3938 1511 4002 posses-

392 4007 483 4073 soris:
501 4009 555 4091 qui
568 4014 615 4074 est
630 4010 741 4086 donae,
758 4012 807 4075 vel
822 4010 937 4090 malm,
956 4011 1005 4076 ecl
1015 4011 1128 4076 duliae
1137 4009 1224 4074 fidei.

481 4099 540 4164 xl.
559 4099 669 4163 Bonae
689 4099 765 4164 fidei
781 4117 940 4183 possessor
954 4099 1073 4166 dicitur
1088 4099 1156 4181 qui,
1178 4115 1251 4162 cum
1265 4113 1335 4163 rem
1352 4097 1451 4164 timlo
1472 4100 1509 4163 ad

391 4186 646 4254 transferendum
657 4186 834 4255 domiuimn
849 4189 966 4255 idoneo
983 4187 1183 4274 adquisierit,
1201 4187 1317 4252 eiusse
1332 4187 1510 4268 prudenter

390 4276 554 4342 dominum
568 4279 671 4358 putat.
689 4276 794 4357 Quum
809 4278 925 4343 nullam
939 4296 1016 4344 ¹vero
1032 4279 1072 4343 do
1108 4277 1162 4342 ino
1177 4276 1331 4341 iniuriam
1347 4275 1507 4351 intulerit,

390 4368 459 4431 eius
470 4368 585 4431 damna
601 4382 663 4429 non
677 4368 826 4449 praestat;
841 4367 1033 4433 utilitatibus
1042 4295 1148 4432 suzan
1160 4365 1290 4444 imitar,
1306 4363 1509 4449 inquantum

391 4475 457 4521 non
473 4459 528 4540 fiat
542 4454 650 4520 ditior.
667 4454 775 4536 Quare
791 4454 818 4518 si
833 4456 968 4521 alienam
985 4474 1054 4522 rem
1069 4459 1124 4522 aut
1139 4455 1187 4520 rei
1203 4453 1338 4528 fructus,
1356 4453 1444 4518 nullo
1460 4457 1507 4520 sui

392 4546 621 4624 emolumento,
640 4545 875 4626 consumpserit
896 4546 941 4613 vel
958 4544 1193 4640 dilapidaverit,
1213 4543 1359 4610 omnibus
1374 4543 1507 4610 latenti·
