3238 5282
423 295 487 362 158
860 310 956 362 crasa
970 313 1005 362 11.

371 459 455 540 puli,
472 457 507 524 in
522 458 664 540 generall
675 458 877 526 Wormatiae
891 463 1061 534 conventu,
1080 456 1157 523 anni
1168 453 1248 532 803,
1262 455 1495 524 animadverte-

376 554 438 614 rat:
458 547 639 615 «Novimus
654 549 754 615 multa
769 565 867 630 regna
884 553 919 615 et
937 565 1026 629 reges
1042 565 1152 612 eorum
1174 551 1345 632 propterea
1362 546 1496 611 cecidis-

374 656 420 712 se,
438 637 512 720 quia
528 636 684 702 Ecclesias
697 638 927 718 spoliaverunt,
941 655 1052 720 resque
1067 654 1177 701 earum
1191 639 1404 711 vastavenmt,
1425 636 1496 701 abs-
1556 702 1561 714 ‚

374 727 530 799 tulerunt,
552 727 780 802 alienaverunt,
805 727 853 791 vel
869 726 1082 808 diripuerunt,
1105 725 1259 808 episcopis
1273 729 1306 790 et
1320 725 1495 791 sacerdoti·

375 817 444 890 bus,
461 819 567 898 atque,
585 816 670 898 quod
686 816 786 898 magis
800 820 859 890 est,
877 815 1017 880 ecclesiis
1031 833 1142 880 corum
1156 815 1362 890 abstulerunt,
1389 820 1423 880 et
1437 833 1495 897 pu-

375 904 544 986 gnantibus
560 903 726 977 dederunt.
744 904 945 988 Quapropter
960 915 1018 972 nec
1033 904 1131 970 iortes
1146 903 1180 966 in
1197 904 1292 978 bello,
1308 920 1365 968 nec
1381 901 1415 967 in
1432 903 1495 968 lide

376 993 507 1058 stabiles
521 992 662 1067 luerunt,
687 1011 745 1058 nec
762 994 896 1058 victores
915 991 1133 1059 extiterunt...
1156 990 1244 1071 Quae
1259 992 1368 1056 omnia
1391 992 1497 1058 vitan-

377 1089 437 1158 tes,
457 1099 514 1147 nec
529 1081 607 1146 talia
622 1082 741 1160 tacere,
756 1100 814 1146 nce
829 1082 1022 1156 consentire,
1041 1099 1098 1146 nec
1115 1080 1288 1148 infantibus
1304 1085 1360 1145 aut
1374 1099 1496 1147 succes-

376 1171 500 1237 soribus
515 1170 631 1236 nostris
647 1172 827 1254 exemplum
849 1171 924 1239 dare
940 1171 1093 1245 volumus,
1116 1168 1171 1234 sed
1186 1175 1338 1252 quantum
1356 1171 1495 1236 valemus

378 1266 412 1326 et
422 1277 628 1344 possumus...
641 1259 844 1343 prohibemus
859 1263 1136 1342 contestamurque
1152 1277 1192 1323 ne
1210 1259 1286 1325 talia
1301 1257 1434 1336 laniant,
1449 1262 1496 1327 vel

158 1353 359 1430 tlcapttlteq.
379 1349 484 1414 lacere
500 1348 677 1413 volentibus
692 1349 893 1414 consentiant
910 1346 952 1431 l).
969 1372 986 1411 n
1254 1399 1262 1410 .

137 1433 248 1487 Frcnc.
263 1471 271 1498 2
293 1436 359 1486 1⁰¹11·
467 1437 544 1503 Xll.
558 1437 716 1502 Lutberus
730 1439 798 1520 ipse
813 1426 1347 1520 qui,bonomm'ecctesiasticorum
1362 1435 1497 1518 deprae-

138 1507 161 1578 ¹2
176 1504 229 1561 ⁰⁰¹·
242 1507 273 1562 ⁴¹
284 1508 309 1563 ¹·
378 1525 521 1602 datione,
536 1526 693 1609 principes
709 1527 872 1601 allexerat,
887 1524 1018 1590 tandem.
1029 1525 1251 1590 confitebatur:
1271 1523 1498 1607 «Comprobat

379 1615 588 1697 experientia,
599 1633 653 1680 eos
667 1615 723 1697 qui
737 1613 947 1694 ecclesiastica
959 1615 1040 1678 bona
1053 1613 1092 1678 ad
1103 1632 1137 1678 se
1148 1618 1313 1680 traxerunt
1324 1613 1366 1678 ob
1377 1632 1414 1678 ea
1426 1621 1499 1680 tan-

379 1705 453 1769 dem
467 1704 674 1786 depauperati
686 1709 719 1770 et
730 1703 891 1769 mendicos
902 1702 985 1767 fieri.
995 1723 1012 1763 «
1024 1702 1157 1784 Aquilae
1169 1702 1308 1766 fabulam
1323 1702 1438 1768 delude
1452 1704 1500 1766 al-

382 1792 518 1874 legabat,
532 1809 612 1877 quae
627 1811 667 1858 ex
681 1793 824 1858 aralovis
839 1809 949 1856 carnes
965 1790 1024 1874 ipsi
1036 1789 1217 1856 immolatas
1233 1792 1389 1866 auersus,
1402 1792 1499 1856 simul

381 1881 512 1946 abstulit
526 1886 559 1945 et
573 1881 756 1956 carbonem,
770 1881 826 1963 qui
841 1881 939 1964 ipsius
955 1880 1066 1944 nidum
1080 1879 1297 1962 comsumpsit.
1315 1881 1451 1955 Revera,
1464 1898 1500 1944 a·

381 1969 467 2034 iebat
481 1969 608 2051 quidam
630 1969 832 2036 consiliarius
845 1969 993 2034 electoris
1016 1969 1184 2044 saxoniae,
1209 1969 1248 2032 ad
1262 1985 1366 2034 seram
1387 1970 1500 2051 poeni-

382 2057 519 2128 tentiam
534 2058 696 2123 adductus:
716 2078 733 2118 n
750 2060 817 2126 Nos
832 2058 1196 2126 nobilescoenobiorum
1213 2075 1289 2138 opes
1304 2058 1342 2121 ad
1359 2075 1416 2123 nos
1434 2062 1502 2131 tra·

382 2145 498 2211 ximus:
515 2147 575 2211 hae
590 2150 697 2226 autem
713 2165 789 2228 opes
806 2149 928 2212 nostras
950 2147 1157 2212 comederunt
1175 2151 1208 2212 et
1223 2150 1498 2229 consumpserunt,

385 2239 421 2300 ut
436 2252 537 2316 neque
552 2237 749 2301 coenobiales
766 2254 867 2317 neque
883 2241 1004 2302 nostras
1018 2236 1153 2318 amplius
1168 2234 1349 2300 habeamus.
1366 2257 1387 2298 n.

472 2323 565 2388 Xlll.
580 2323 797 2405 lniqnissimas
807 2325 939 2390 ilenrici
949 2325 1029 2390 vlll
1040 2324 1260 2408 eupilationcs,
1271 2329 1304 2389 et
1315 2328 1500 2407 sequentem

384 2411 459 2476 inde
473 2413 573 2476 totius
595 2412 685 2492 regni
701 2417 920 2496 paupertatem
943 2415 1014 2498 quis
1028 2413 1170 2494 ignoret?
1190 2414 1237 2478 De
1252 2413 1309 2477 illo
1329 2412 1499 2479 sanderus:

385 2521 403 2560 «
416 2499 498 2568 Cum
511 2505 562 2566 tot
578 2518 615 2564 ac
631 2501 714 2566 tanti
729 2503 998 2568 monasteriorum
1010 2501 1169 2583 in'Anglia
1183 2501 1324 2567 thesauri
1338 2505 1456 2577 essem,
1466 2506 1503 2568 ut

383 2607 495 2654 eorum
515 2589 563 2653 vel
580 2589 703 2654 decima
716 2608 789 2672 pars
809 2591 908 2656 etiam
919 2589 1096 2656 avarissimi
1116 2589 1199 2671 regis
1215 2594 1357 2656 mentem
1371 2591 1502 2672 expiere

382 2679 547 2760 potuisset,
558 2683 665 2743 tamen
672 2679 826 2744 llcnricus
834 2699 905 2744 eum
915 2680 1078 2745 thesauros
1090 2679 1207 2761 ubique
1217 2695 1504 2756 omnes„cumom·

383 2766 436 2830 nia
450 2783 539 2830 sacra
555 2784 638 2840 vasa,
648 2785 721 2832 cum
735 2769 843 2834 omnia
859 2769 1000 2850 praedia,
1015 2769 1085 2832 iura
1097 2772 1131 2833 ct
1141 2768 1284 2832 actiones
1295 2768 1329 2831 in
1340 2783 1431 2831 suam
1443 2785 1504 2850 po-

381 2857 530 2920 testatem
545 2855 729 2936 redegisset
742 2875 814 2921 cnm
827 2861 993 2938 praeterea
1008 2856 1146 2922 decimas
1160 2861 1194 2921 et
1208 2861 1339 2921 annates
1355 2856 1503 2944 omnium

380 2943 607 3016 beneficiorum
623 2962 680 3025 per
695 2945 873 3010 universam
888 2946 1039 3027 Angliam
1054 2943 1209 3026 exigerem
1231 2949 1264 3010 et
1285 2944 1363 3008 adeo
1378 2961 1451 3009 cum
1472 2946 1502 3008 i·

380 3051 469 3115 psum
481 3032 643 3115 plumbum
655 3033 740 3115 ligna
752 3039 847 3116 atque
855 3034 976 3115 lapides
986 3033 1251 3105 monasteriorum
1258 3033 1374 3115 ubique
1386 3033 1504 3098 vende-

380 3126 442 3198 ret;
454 3140 494 3187 ex
505 3137 605 3204 eoque
616 3121 773 3187 debuisset
785 3123 818 3187 iu
830 3127 995 3188 aeternum
1009 3123 1119 3187 omnia.
1127 3123 1247 3188 civibus
1258 3121 1322 3186 suis
1330 3121 1459 3188 tributa
1468 3127 1503 3188 et

379 3209 548 3292 vectigalia
562 3210 790 3295 remississe(id
804 3211 888 3296 quod
903 3230 936 3276 se
952 3210 1110 3292 iacturum
1124 3211 1305 3286 simulabat,
1319 3213 1356 3275 ut
1367 3209 1451 3276 cive
1461 3229 1502 3277 eo

382 3299 533 3365 libentius
541 3299 576 3362 in
586 3299 789 3365 monasteriis
801 3300 978 3367 evertendis
989 3300 1089 3382 ipsius
1101 3300 1227 3366 libidini
1239 3316 1399 3364 assensum
1410 3317 1504 3388 prae·

380 3385 514 3472 herent),
523 3389 590 3451 imo
606 3407 679 3453 cum
694 3387 838 3454 debuerit
854 3407 1049 3474 quocumque
1064 3389 1232 3454 christiani
1247 3388 1335 3453 orbis
1349 3405 1503 3470 119111-

381 3480 477 3557 gente
492 3477 679 3558 praesertim
690 3482 722 3541 et
732 3494 809 3542 auro
825 3477 925 3562 ditior
938 3478 1212 3556 extitisseetamen
1228 3478 1306 3544 adeo
1321 3476 1355 3540 in
1371 3481 1503 3542 contra-

381 3563 465 3628 rium
482 3582 521 3628 ea
532 3583 584 3628 res
598 3582 638 3630 ex
651 3565 712 3630 Dei
727 3565 900 3631 iustissima
916 3568 1078 3632 voluntate
1092 3566 1198 3642 cessit,
1210 3571 1248 3631 ut
1266 3565 1367 3631 multo
1381 3582 1503 3652 paupe-

381 3651 451 3716 rior
467 3651 553 3717 intra
569 3669 684 3735 paucos
700 3671 800 3719 annos
823 3660 897 3737 post
911 3656 1140 3738 expilationem
1159 3655 1254 3720 istam
1269 3654 1380 3729 luerit,
1406 3671 1504 3736 quam

382 3756 522 3822 unquam
544 3747 619 3806 ante
633 3745 688 3808 aut
702 3743 771 3824 ipse
786 3749 841 3810 aut
863 3744 1000 3810 maiores
1013 3745 1081 3810 eius
1096 3744 1228 3810 tuerint:
1254 3743 1331 3827 quin
1347 3743 1404 3807 ille
1419 3745 1504 3808 solus

381 3825 481 3910 plora
497 3830 615 3894 tribmo
630 3839 658 3896 et
673 3833 837 3915 ccctiqotio
851 3834 970 3899 civibus
985 3836 1051 3899 suis
1062 3833 1222 3914 imposuit,
1233 3849 1330 3914 quom
1340 3832 1505 3898 1111111111·-

155 3915 182 3989 ²)
206 3912 362 4004 Sillim-l,
382 3915 450 3981 mut
464 3936 550 4000 repes
563 3936 622 4000 per
637 3920 820 4004 quinqentos
836 3930 909 3987 onte
925 3940 1028 3988 annos
1039 3923 1181 4004 fecerant
1193 3919 1235 4004 2).
1252 3943 1270 3984 n

134 3989 171 4049 αθ
178 3995 365 4083 111911111-
472 4007 563 4072 xlv.
581 4009 648 4074 Hac
662 4009 801 4087 ratione,
826 4011 934 4076 divina
949 4015 1061 4094 agente
1077 4012 1126 4078 vel
1140 4009 1281 4094 patiente
1296 4006 1434 4084 iustitia,
1451 4026 1504 4074 re·

135 4067 362 4198 ζῗῗξεὸώῑᾞ·
383 4112 457 4177 gum
473 4097 590 4160 scelera
607 4097 641 4161 in
657 4099 789 4180 populos
804 4102 1081 4166 convertebantur.
1101 4101 1184 4168 Nam
1200 4098 1272 4181 piae
1287 4102 1321 4163 et
1336 4096 1505 4178 religiosae

137 4158 363 4292 vidit
383 4183 1253 4354 111111111111111111111
1277 4186 1505 4356 olitana

382 4361 524 4446 peribus?
545 4364 691 4445 Ipsorum
706 4383 831 4447 quoque
846 4367 1008 4447 angustiae
1023 4371 1056 4434 ct
1070 4366 1272 4432 necessitates
1288 4382 1369 4429 novo
1383 4363 1502 4429 civium

382 4469 456 4516 aere
475 4451 692 4518 sublevandae:
710 4454 777 4530 sed,
795 4454 984 4536 frigescente
999 4457 1166 4531 charitate,
1192 4453 1410 4538 pauperismus
1427 4459 1503 4518 tunc

384 4541 524 4621 primum
540 4540 717 4609 miserrime
731 4561 768 4610 ac
783 4544 935 4613 latissime
950 4545 1068 4630 erupit.
1087 4545 1257 4618 Nemeum
1272 4541 1405 4612 hienrici
1422 4541 1501 4611 vt11
