3222 5282
1120 299 1179 352 xlll

107 459 250 543 Quorum
266 459 293 524 si
309 451 474 522 laudabilis
488 451 675 537 quandoque
698 449 774 517 levis
789 451 916 537 quidam
933 445 1082 525 haustus,
1099 453 1136 514 ut
1151 450 1232 515 vires

106 565 145 629 ad
162 565 299 629 laborem
315 561 512 633 reficiantur,
531 564 637 623 tamen
656 577 673 616 a
691 574 788 624 nemo
804 574 863 622 usu
885 571 1005 622 uranus
1024 569 1153 636 neurus
1174 573 1234 620 uo·

105 677 213 743 minis,
231 683 288 742 our
303 681 398 733 unum
412 680 498 730 onear
514 679 628 730 rurum
644 679 745 728 venir
760 653 836 727 assu
854 653 887 728 'rra
900 673 1096 726 vouurrnru
1106 655 1149 742 1).
1163 683 1180 723 »
1259 667 1481 744 ltdiepefftm,

118 807 120 816 ·
197 773 259 847 En,
276 767 525 853 ingeniosissimi
537 767 774 843 Adolescentes,
794 783 855 849 qua
872 783 928 830 nos
939 764 1023 848 ipsos
1034 763 1188 846 sapientia
1204 773 1237 835 et
1255 747 1291 804 ¹¹·

106 876 312 953 tortitudine,
331 873 469 956 patriam
484 891 559 938 vero
574 872 673 937 solida
690 874 723 936 et
736 887 891 954 expressa,
908 885 971 934 nou
981 868 1238 954 adumbrataglo-

104 981 155 1047 ria
171 997 285 1061 augere
296 977 466 1062 possimus·
475 975 535 1044 Sed
549 982 582 1044 et
596 976 772 1042 studiorum
784 974 952 1040 methodus
966 971 1154 1046 adhibenda.
1170 979 1237 1041 An-

106 1089 148 1148 te'
164 1081 285 1156 omnia,
307 1100 324 1140 a
343 1081 441 1144 multe
463 1079 562 1162 magis
594 1096 689 1163 quam
712 1077 885 1142 multorum
908 1075 1057 1151 lectione,
1083 1077 1238 1144 firmanda

105 1202 211 1258 mens,
229 1187 262 1247 et
276 1182 433 1247 ducendus
451 1184 553 1257 color,
578 1205 596 1244 n
611 1181 638 1245 si
653 1179 854 1260 Quintiliano
870 1178 1039 1243 credimus.
1064 1177 1184 1245 Studiis
1205 1199 1238 1247 e-

106 1287 179 1352 nim
194 1284 301 1362 certis,
321 1284 440 1351 Seneca
452 1283 681 1368 praecipiente,
704 1281 872 1346 immorari
880 1286 920 1347 et
940 1281 1077 1346 enutriri
1093 1287 1236 1366 oportet,
1335 1303 1337 1308 ·

105 1392 138 1456 si
158 1391 237 1457 velis
254 1390 374 1472 aliquid
389 1391 518 1455 trahere
533 1391 618 1475 quod
641 1391 674 1454 in
691 1389 798 1456 animo
814 1388 952 1453 feliciter
974 1388 1116 1453 baereat.
1145 1411 1162 1451 »
1179 1388 1240 1456 Sed

112 1514 189 1571 nos,
205 1495 291 1577 quod
305 1494 431 1561 dolebat
448 1495 671 1569 Verulamius‚
690 1511 761 1558 cum
777 1491 830 1558 vix
845 1493 884 1556 ad
899 1490 1000 1556 solida
1015 1496 1049 1557 et
1064 1493 1240 1558 necessaria

110 1603 307 1667 sufficientes
322 1600 432 1675 simus,
449 1601 484 1664 in
501 1602 606 1666 vacuis
621 1604 654 1665 et
671 1598 815 1672 futilibus
830 1597 995 1680 ingenium
1011 1598 1191 1673 atterimus;
1209 1603 1242 1664 et

110 1728 129 1768 «
150 1705 415 1789 quemadmodum
431 1706 575 1771 omnium
591 1722 711 1781 rerum,
731 1702 923 1768 sicmaxime
939 1702 1242 1768 litterarumintem-
1605 1769 1606 1792 ἒ

108 1811 259 1895 perantia
276 1810 456 1875 laboramus
468 1809 511 1895 2).
537 1833 554 1872 »
571 1811 701 1892 lamque
717 1807 794 1872 illud
809 1807 893 1889 quod
907 1806 1028 1872 Tullius
1051 1807 1243 1872 lamentaba-
1262 1826 1486 1904 elsen.,ep.leb.
1527 1883 1529 1886 ,
1605 1805 1606 1820 ’

110 1919 168 1980 tur
186 1934 203 1973 a
222 1914 363 1997 oppressi
379 1931 484 1978 sumus
500 1913 703 1995 opinionibus
720 1929 784 1975 non
801 1910 896 1975 modo
907 1911 1005 1992 vulgi,
1025 1911 1243 1979 verumetiam

108 2019 283 2083 hominum
298 2018 406 2083 leviter
421 2018 617 2082 eruditorum
633 2013 686 2099 3);
708 2039 725 2078 o
742 2014 943 2098 quandonam
960 2015 1055 2080 latius
1074 2033 1169 2100 quam
1185 2035 1243 2082 uo·
1278 2021 1304 2099 3)
1319 2023 1388 2086 οἱα,
1400 2021 1435 2080 de
1449 2023 1490 2080 0-

110 2128 182 2188 stra
197 2122 300 2203 patuit
318 2122 441 2186 aetate?
457 2121 604 2196 Scilicet,
621 2120 765 2184 scientiis
790 2137 848 2184 nee
863 2119 1043 2184 insudamus
1063 2137 1121 2184 nee
1136 2137 1246 2187 conse·
1263 2106 1338 2175 rat,
1354 2099 1402 2156 ¹¹¹·

111 2227 464 2302 nescimus‚etlrustula
480 2226 534 2291 vix
549 2224 743 2307 colligentes,
759 2224 792 2288 in
809 2223 923 2289 misera
940 2229 1125 2308 paupertate
1138 2243 1246 2308 super·

112 2331 249 2396 bissime
264 2331 493 2396 invenescimus
508 2327 561 2415 (a).

160 2435 226 2500 Vos
241 2435 365 2508 saltem,
384 2451 448 2498 non
463 2433 542 2498 iuris
554 2432 648 2498 modo
665 2432 718 2498 sed
731 2432 853 2515 patriae
860 2431 1038 2507 Candidati,
1049 2450 1170 2498 summa
1183 2451 1246 2516 ope

111 2546 148 2606 et
167 2536 264 2602 alacri
272 2537 378 2601 studio
398 2537 454 2602 diu
463 2536 634 2621 perdiscite
644 2553 723 2622 quae
732 2535 766 2599 in
775 2535 935 2617 publicum
948 2536 1247 2619 effundatis3quam·

112 2662 177 2730 que
192 2661 308 2725 magna
328 2643 371 2708 sit
385 2661 436 2708 res
451 2643 574 2727 patriae
589 2661 700 2724 gerere
721 2643 943 2726 magistratus,
960 2642 1067 2708 sedulo
1083 2643 1240 2724 recogita-

114 2756 163 2826 te,
184 2769 226 2815 ne
241 2755 332 2816 tanto
348 2749 473 2826 muneri
489 2749 625 2832 impares
640 2748 860 2824 inveniamini3
879 2748 918 2812 ad
933 2749 1027 2831 quod,
1046 2748 1108 2812 nisi
1124 2757 1186 2814 toto
1198 2750 1249 2820 ‚le-

111 2853 224 2938 gitimo
244 2869 334 2931 opere
345 2852 496 2934 perfecto,
513 2851 739 2928 accedendum,
759 2850 906 2916 monebat
920 2851 1097 2934 Imperator
1115 2847 1160 2935 l).
1182 2851 1249 2918 Nec
1294 2849 1321 2923 lt
1343 2853 1494 2925 metent,

113 2956 208 3023 vobis
225 2956 361 3020 nimium
378 2957 523 3030 fidentes,
542 2954 765 3020 verecundiam
780 2954 902 3037 diligite
921 2973 982 3037 qua
999 2955 1097 3022 virtus
1111 2955 1250 3023 innutri-
1269 2942 1374 3000 proem.

112 3068 172 3150 tur
188 3068 283 3147 atque
298 3067 441 3144 augetur,
468 3066 593 3143 patrum
610 3061 799 3144 sapientiam
823 3066 916 3144 atque
942 3062 1174 3143 ‘experientiam
1196 3063 1250 3128 ad-

117 3153 342 3233 bibenellam
361 3187 378 3227 a
395 3167 554 3231 maximae
568 3165 764 3248 respublicae
787 3182 845 3246 per
865 3163 1110 3228 adolescentulos
1134 3166 1250 3231 lebeta-

117 3274 240 3346 ctatae,
251 3287 269 3334 a
280 3271 406 3335 senibus
422 3273 616 3335 sustentatae
631 3273 664 3334 et
680 3269 846 3334 restitutae
861 3273 945 3334 sunt:
964 3286 1036 3332 eum
1052 3269 1138 3332 enim
1148 3269 1250 3352 adgu-

115 3375 285 3440 bernacule
293 3375 485 3457 reipublicae
499 3374 663 3440 temerarii
679 3380 773 3457 atque
782 3373 912 3439 audaces
923 3374 1069 3439 homines
1081 3375 1248 3451 accedunt,

118 3481 263 3545 maxima
280 3483 375 3562 atque
390 3481 569 3544 miserrima
585 3479 748 3561 naufragia
760 3477 890 3564 fiuntd).
904 3503 921 3542 n
938 3479 1007 3559 Qua
1016 3486 1192 3546 commotus
1202 3498 1252 3547 ra·
1293 3527 1319 3599 5,
1340 3528 1387 3586 Cic
1430 3528 1485 3586 Cat

117 3584 226 3657 tione,
246 3583 309 3646 dux
324 3582 380 3644 ille
395 3581 547 3648 Graeciae
559 3573 720 3666 nunquam
736 3582 877 3663 optabat,
896 3585 931 3646 ut
942 3581 1050 3648 Aiacis
1065 3583 1183 3648 similes
1197 3586 1252 3650 de·
1271 3605 1350 3662 Mat,
1392 3571 1412 3604 ''
1489 3568 1495 3582 ’

115 3703 191 3751 cem
206 3684 358 3758 baberet,
376 3683 429 3747 sed
443 3689 478 3748 ut
492 3684 649 3751 Nestoris:
670 3682 752 3766 quod
774 3683 801 3746 si
822 3682 990 3758 acciderit,
1008 3703 1073 3748 non
1089 3687 1252 3753 dubitabat

115 3787 200 3871 quin
212 3787 306 3852 Troia
323 3787 411 3853 brevi
423 3791 504 3852 esset
518 3787 673 3871 peritura.
687 3790 904 3854 Romanorum
921 3788 1040 3855 credite
1054 3791 1249 3874 sapientissi-

230 3980 269 4054 (αὶ
284 3981 383 4038 blultos
397 3981 573 4054 eognovimus
586 3980 633 4054 qui
652 3981 741 4038 taedio
754 3979 866 4054 laboris,
882 3981 1065 4055 coniugerunt
1079 3983 1113 4041 ad
1129 3985 1196 4042 baec
1209 3986 1253 4044 di·

125 4069 260 4129 verticula
274 4070 406 4126 desidiae:
421 4085 539 4142 quorum
554 4067 598 4127 alii
611 4085 641 4126 se
655 4068 690 4126 ad
703 4069 796 4126 album
809 4077 837 4127 et
851 4069 975 4128 rubricas
994 4073 1212 4148 transtulerunt,
1224 4084 1252 4133 et

112 4160 314 4238 formularii,
331 4160 391 4234 vel,
405 4168 437 4218 ut
449 4163 543 4218 Cicero
556 4164 609 4235 ait,
624 4160 742 4236 lepulett
755 4162 863 4235 quidem
886 4178 947 4220 esse
967 4163 1133 4236 meluerunt,
1152 4165 1254 4225 iormu·

119 4255 165 4312 les
181 4254 248 4310 iuris
262 4259 465 4326 consectantes,
481 4261 508 4310 et
521 4269 554 4310 er
569 4254 601 4310 lie
615 4269 710 4311 causas
725 4260 839 4327 agentes
854 4251 1002 4330 (Quinem,
1017 4259 1116 4316 Instit.
1127 4258 1249 4332 llll‚3t.n

118 4348 223 4405 Cicero
236 4351 329 4402 autem
342 4346 411 4417 ipse:
430 4365 442 4396 a
459 4345 672 4404 Iurisconsultus
695 4347 752 4418 ipse
767 4362 816 4418 per
839 4361 867 4404 se
882 4345 966 4418 nihil,
982 4349 1033 4404 nisr
1047 4347 1178 4421 leguleius
1192 4356 1254 4424 qui-

120 4435 191 4493 dam
206 4441 346 4492 cantuset
359 4440 467 4508 acutus,
485 4449 583 4506 praeco
597 4436 746 4510 actionum,
762 4443 859 4495 cuntur
870 4435 1058 4513 formularum,
1076 4453 1177 4509 auceps
1196 4442 1252 4514 syl·

123 4527 254 4586 laborum
268 4525 351 4603 (Cre,
371 4525 470 4594 Orat..
488 4525 510 4603 l,
528 4525 583 4600 55).
605 4548 616 4579 n
