3222 5282
436 309 480 378 tie
882 329 1016 382 ernest.

393 497 473 562 quae
489 478 631 544 adoratio
647 482 695 544 est
710 476 758 543 eui
771 478 882 561 ipsius,
897 477 1074 544 materialia
1086 473 1305 562 spiritualibus
1314 478 1507 560 praeposita,

393 586 534 636 crescens
550 565 638 634 luxus
653 566 831 645 necessitas,
846 567 1042 650 voluptatum
1053 565 1172 632 surena
1183 566 1310 650 cupido,
1326 566 1509 634 litterarum

394 661 488 739 atque
503 655 621 722 artium
635 656 830 739 prostituti03
848 674 912 721 uno
926 656 1033 732 verbo,
1051 655 1091 720 ed
1106 654 1353 722 serisualistieam
1368 673 1510 739 pagane·

395 763 467 810 rum
483 746 640 810 culturam
656 763 824 827 regressus.
847 745 896 810 En
919 744 974 809 illa
988 745 1129 822 saecula,
1141 755 1275 826 quorum
1296 744 1373 820 elio,
1392 747 1509 830 magno

394 834 641 899 reformatorum
655 834 834 911 schismate,
851 834 946 898 scissa
957 839 1004 900 est
1019 849 1156 916 europea
1167 833 1301 912 familie,
1319 834 1384 900 alio
1399 841 1509 904 autem

396 926 526 989 exortae
540 922 724 989 innumerae
747 924 821 990 illae
834 928 950 998 sectae,
974 921 1087 1006 qnibus
1107 921 1326 1006 philosophiae
1344 928 1505 1008 pretextu,

397 1011 461 1078 iam
475 1010 540 1077 iam
555 1011 716 1078 societatis
729 1013 872 1078 cardines
885 1016 960 1076 sunt
974 1011 1072 1078 evulsi
1086 1010 1097 1096 (
1117 1009 1141 1095 ).

484 1101 562 1166 XII.
577 1101 694 1183 Liquet
717 1100 817 1183 igitur
831 1099 1008 1167 rationibus
1028 1099 1180 1178 attactis,
1204 1099 1267 1165 nisi
1288 1100 1420 1166 moralis
1434 1122 1510 1188 pro-

396 1205 529 1270 gressus,
547 1206 647 1271 aequo
668 1189 779 1266 saltem
795 1190 905 1273 gradu,
930 1188 1326 1266 materialem-comitetur,
1342 1190 1509 1258 hominem

395 1279 436 1342 ed
449 1276 722 1353 materialismum
740 1284 847 1360 gentes
863 1296 938 1345 sero
950 1278 989 1342 ad
1001 1295 1148 1344 oceasum
1159 1278 1208 1344 vel
1218 1277 1386 1344 interitum
1399 1280 1510 1346 detru-

396 1365 443 1431 di.
468 1366 621 1433 Subversa
640 1367 727 1432 enirn
747 1371 882 1433 naturae
893 1368 972 1450 lege,
989 1385 1051 1451 qua
1065 1366 1367 1450 imperium‘rationi
1387 1368 1423 1433 in
1438 1387 1510 1435 cor-

395 1472 452 1538 pus
466 1456 606 1523 deletum
627 1460 687 1533 est,
711 1455 873 1522 societatis
886 1473 1010 1540 quoque
1029 1456 1109 1522 ordo
1122 1457 1330 1525 subvertetur.
1345 1456 1430 1524 Hinc
1444 1460 1511 1525 cril-

479 1631 519 1705 (ol
533 1631 685 1704 Principum
697 1630 855 1691 nominibus
873 1631 1045 1704 appellantur
1065 1637 1279 1690 commemorata
1299 1631 1419 1705 macula,
1440 1633 1509 1706 quin

398 1708 450 1781 ipsi
469 1707 514 1765 illa
526 1710 681 1782 genuerint.
698 1709 786 1784 lectae
806 1709 833 1764 in
846 1709 965 1766 Leonem
977 1707 1137 1780 calumniae,
1158 1723 1175 1764 a
1188 1722 1240 1765 non
1253 1715 1381 1778 suspecto
1393 1716 1509 1768 anctore

399 1782 569 1842 refelluntur:
587 1805 598 1835 s
612 1783 700 1856 liujus¹
709 1783 844 1842 Pontificis
855 1786 977 1857 castius,
988 1783 1124 1857 totiusque
1135 1782 1205 1839 vitae
1216 1781 1367 1857 integritas,
1380 1784 1450 1842 adeo
1460 1787 1509 1842 lir-

400 1859 451 1915 mis
464 1858 626 1915 testimoniis
639 1865 774 1931 constent,
785 1867 820 1914 ‘ut
833 1874 887 1932 quo
899 1865 966 1920 tunc
978 1859 1096 1930 rariore,
1108 1873 1141 1916 eo
1154 1858 1209 1914 sint
1220 1857 1426 1916 laudabiliores.
1444 1860 1510 1934 (Ro-

399 1949 474 1990 scos.
490 1936 542 1990 Vte
557 1937 585 1990 et
598 1933 752 2008 pontificat
771 1933 808 1990 de
819 1937 897 1992 zeon
907 1937 946 1993 Χ.
961 1940 983 1991 t.
1000 1933 1048 2002 lll,
1067 1932 1190 2010 obsti)
1204 1935 1329 1991 Auernus
1343 1934 1508 1992 Poerrrtsus

403 2029 414 2060 i
432 2009 535 2066 cultum
550 2009 657 2079 pietatis
670 2015 698 2065 et
711 2008 858 2081 religionis,
872 2023 942 2081 pene
953 2010 1112 2068 etiamoum
1126 2007 1200 2066 lecte
1211 2008 1335 2081 nutricis,
1346 2025 1410 2068 eum
1423 2025 1510 2068 essu·

398 2086 471 2142 sisse
487 2105 499 2136 e
515 2084 745 2142 affirmetrorsan
756 2098 881 2157 poeseos,
889 2086 1041 2158 artiumque
1049 2083 1199 2142 liberalium
1212 2084 1309 2142 nimias
1319 2091 1436 2160 amtor,
1444 2102 1511 2146 cuns

400 2160 517 2230 ponunci
527 2159 648 2232 graviora
658 2166 750 2216 essent
760 2159 875 2232 agenda:
887 2177 956 2234 qnae
966 2168 1058 2219 tamen
1068 2160 1148 2218 ollicii
1162 2167 1305 2232 erant,non
1313 2161 1506 2234 praetermisit,

400 2234 708 2380 rexdezebmlaguilizcm,
716 2242 744 2292 et
756 2236 872 2308 pontilex
884 2233 1197 2312 vigilantissimusllide
1207 2237 1348 2294 Pisistra.
1357 2237 1507 2296 ecesse.

403 2313 453 2368 lt·
477 2353 483 2366 .
509 2311 515 2367 i
538 2351 544 2366 .
575 2353 582 2382 ‚
598 2324 624 2366 c.
662 2354 667 2364 .
1493 2312 1495 2316 '

474 2388 612 2454 Ceterum,
628 2386 679 2442 etsi
696 2401 771 2442 «non
782 2383 871 2442 solum
885 2386 950 2444 sitia
963 2387 1118 2459 concipiant
1130 2385 1180 2457 ipsi
1194 2385 1340 2460 principes,
1352 2387 1400 2445 sed
1414 2402 1448 2444 ee
1463 2387 1508 2443 in-

397 2461 509 2519 landant
522 2463 548 2517 in
563 2461 710 2534 civitatem,
726 2461 841 2535 plusque
854 2462 980 2534 exemplo
993 2478 1073 2535 quarn
1088 2467 1202 2534 peccato
1216 2469 1332 2518 noceant
1348 2483 1360 2513 ι
1378 2462 1446 2536 (Cio.
1462 2467 1509 2519 De

396 2541 464 2609 Lep.
478 2537 550 2610 llll,
562 2536 680 2607 peiorem
694 2543 785 2593 tamen
796 2537 921 2595 moribus
931 2538 1038 2595 cladem
1048 2555 1064 2594 e
1075 2536 1266 2594 sensualistieis
1276 2536 1405 2594 doctrinis
1412 2538 1510 2595 inierri

397 2613 573 2669 arbitramur.
588 2612 691 2668 Bonum
705 2611 818 2670 definias
831 2628 894 2672 curn
907 2613 1017 2671 Loelrio:
1032 2633 1044 2664 i
1058 2611 1180 2684 ld,quod
1192 2610 1358 2681 voluptatem
1369 2612 1508 2684 produce-

397 2700 427 2743 re
439 2693 521 2760 atque
541 2702 654 2758 augere,
677 2694 725 2744 eut
738 2686 860 2745 dolorem
881 2689 1035 2761 quempiam
1056 2689 1178 2744 minuere
1198 2694 1227 2742 et
1241 2687 1399 2758 praecidere
1412 2695 1508 2760 aptum

395 2769 448 2830 est3
464 2784 475 2813 s
493 2761 594 2819 malum
610 2767 712 2823 autem:
728 2784 739 2814 i
754 2763 889 2836 Quidquid
904 2763 1025 2821 dolerem
1040 2764 1067 2820 in
1081 2763 1158 2820 nobis
1172 2759 1379 2834 produceresel
1392 2779 1506 2836 augere,

396 2844 442 2893 eut
456 2837 620 2907 rolrrptatem
641 2838 795 2910 quampiam
809 2839 929 2894 minuere
943 2837 1027 2910 valet,
1045 2859 1057 2889 s
1073 2843 1204 2909 corrupta
1217 2836 1291 2893 lelsis
1305 2837 1508 2896 definitionibus

396 2911 456 2969 boni
470 2913 584 2985 malique
598 2920 706 2984 nature,
721 2912 825 2970 abierit
835 2912 880 2970 illa
895 2913 1229 2985 severissimavirtus,qua
1242 2921 1271 2969 et
1281 2913 1325 2984 qui
1340 2913 1446 2985 legibus
1457 2929 1509 2984 pe·

333 3051 337 3058 ,
396 2995 512 3061 rent,=et
525 2988 570 3060 qui
581 2987 777 3058 rempublicam
791 2996 903 3060 gerunt,
919 3005 972 3046 non
985 2987 1157 3046 delectabilia
1177 2985 1226 3044 sed
1239 2988 1351 3044 honeste
1365 2994 1509 3046 sectentur

397 3079 510 3120 necesse
524 3070 577 3134 est,
593 3063 673 3136 idque
687 3064 821 3136 optimum
836 3070 931 3134 putent
945 3080 999 3138 non
1009 3063 1081 3137 quod
1092 3063 1168 3137 utile,
1181 3062 1231 3119 sed
1241 3063 1314 3135 quod
1324 3063 1507 3121 rectissimum

397 3138 445 3195 sit?
458 3141 512 3196 Sus
525 3138 634 3211 quidem
648 3138 818 3211 suutgaudia
831 3139 975 3208 sapientiae
985 3146 1013 3195 et
1024 3141 1126 3196 virtuti:
1139 3155 1194 3196 non
1208 3152 1270 3194 vero
1281 3154 1389 3209 semper
1400 3140 1426 3196 in
1436 3155 1505 3212 gau-

395 3215 446 3275 diis
459 3215 589 3286 sapientia
602 3223 650 3270 aut
662 3215 759 3286 virtus,
769 3215 816 3270 sed
832 3213 993 3288 plerumque
1007 3215 1033 3269 in
1047 3213 1182 3276 laboribus
1196 3222 1224 3269 et
1232 3215 1380 3270 aerumnis.
1392 3215 1434 3271 hd
1445 3231 1506 3271 me·

396 3292 452 3346 iora
466 3305 612 3362 assurgens
625 3289 737 3346 Tullius:
757 3311 768 3340 s
787 3291 936 3362 imitemur,
952 3289 1048 3362 inquit,
1064 3297 1172 3345 nostros
1182 3288 1321 3362 Camillos,
1334 3290 1439 3362 Decios,
1451 3291 1508 3346 Cn·

397 3367 461 3438 rios,
475 3366 623 3433 Fabricios,
636 3365 775 3435 blaximos,
791 3367 940 3440 Scipiones.
951 3366 1080 3420 Amemus
1091 3364 1217 3437 patriam,
1229 3363 1403 3421 consulamus
1413 3365 1504 3437 bonis,

393 3447 562 3513 praesentes
567 3441 689 3515 flectus
701 3438 896 3512 sepliqamus,
906 3440 1055 3510 posteritati
1068 3446 1096 3495 et
1107 3439 1209 3510 gloriae
1223 3440 1379 3496 serviemus.
1397 3439 1433 3497 ld
1445 3457 1507 3496 esse

394 3519 538 3588 optimum
548 3520 695 3587 putemus,
714 3514 791 3585 quod
803 3519 859 3571 erit
872 3519 1079 3572 rectissimum.
1094 3515 1249 3586 Cogitemus
1262 3514 1388 3590 denique,
1404 3530 1507 3586 corpus

396 3591 515 3645 virorum
532 3590 649 3656 tortium,
672 3603 884 3662 magnorumque
900 3591 1039 3646 hominum
1055 3604 1117 3645 esse
1133 3590 1256 3648 mortale:
1273 3590 1354 3646 enimi
1369 3605 1431 3647 vero
1445 3607 1507 3647 mo-

396 3671 441 3720 tus
454 3671 482 3721 et
495 3667 612 3720 virtutis
623 3661 751 3734 pieriam
764 3669 974 3737 sempiternam
987 3687 999 3716 o
1015 3667 1084 3738 (Pro
1092 3666 1176 3739 Sese.)
1191 3664 1244 3722 Sed
1256 3666 1359 3722 frustra
1369 3666 1440 3722 bane
1450 3666 1508 3722 lor-

395 3741 463 3796 tium
477 3754 689 3810 magnorumque
708 3742 910 3812 generationem
924 3749 1039 3813 quaeres
1054 3741 1194 3814 intereos,
1209 3741 1255 3813 qui
1268 3740 1368 3797 benum
1381 3755 1416 3798 ex
1429 3741 1508 3798 rolu-

396 3821 482 3884 ptate,
497 3813 598 3870 malum
612 3821 702 3871 autem
715 3830 746 3870 es
761 3813 854 3872 dolore
867 3817 1004 3875 deliniant.
1020 3816 1114 3872 lderito
1133 3816 1223 3891 itaque
1237 3815 1283 3873 illa
1302 3817 1329 3872 in
1343 3817 1507 3889 magistratu

397 3890 549 3962 requirebat
562 3891 666 3947 Cicero:
685 3911 696 3942 o
713 3890 838 3948 Relrenet
853 3892 969 3962 primum
983 3890 1118 3965 libidines,
1132 3891 1300 3948 iracundiam
1309 3897 1412 3964 teneat,
1425 3907 1508 3963 eper-

396 3972 442 4022 net
457 3965 624 4038 voluptates,
639 3975 764 4023 coerceat
778 3968 927 4041 avaritiam,
945 3973 1105 4039 ceterasque
1119 3967 1202 4024 enimi
1215 3966 1290 4024 lebes
1303 3966 1429 4038 repellat:
1445 3972 1505 4025 tum

398 4041 507 4110 incipiat
519 4041 577 4097 eliis
592 4043 736 4113 imperare,
748 4057 810 4098 cum
823 4043 951 4102 dedecori
963 4050 991 4101 et
1003 4041 1164 4114 turpitudini
1173 4057 1271 4113 parere
1278 4042 1398 4100 desierit.
1411 4063 1423 4095 ι
1434 4040 1508 4115 (Pc-

397 4115 506 4173 rottus.
521 4115 564 4187 V.)
574 4119 605 4186 ln
620 4117 740 4188 imperiis
760 4118 847 4175 rirlus
858 4120 879 4176 si
893 4119 974 4191 adsit,
989 4133 1053 4176 cum
1065 4117 1234 4191 tortitudine,
1250 4117 1360 4188 iustitia,
1371 4119 1508 4176 severita-

399 4200 436 4261 te,
452 4191 594 4263 gmvitnte,
610 4193 842 4266 magnanimitate,
855 4209 924 4267 quse
938 4199 1000 4250 sunt
1011 4193 1102 4265 regiae
1117 4192 1221 4266 laudes,
1233 4192 1439 4266 certissimaque
1453 4195 1508 4250 im·

397 4268 534 4336 periorum
547 4265 694 4339 lulcimina,
709 4275 802 4326 cetera
814 4276 964 4342 sequentur
978 4270 1091 4327 civitatis
1107 4274 1277 4326 ornamenta:
1294 4267 1340 4325 ille
1359 4269 1382 4324 si
1399 4268 1504 4339 desint,

397 4357 450 4397 non
461 4342 575 4411 imperia
586 4341 765 4418 habebuntur,
778 4360 832 4401 nou
843 4353 948 4418 gentes,
957 4343 1006 4401 sed
1017 4359 1086 4400 reue
1094 4343 1268 4416 imperiorum
1281 4344 1457 4417 gentiumque
1468 4346 1506 4401 si·

396 4416 529 4489 mulsere,
543 4416 577 4474 ad
592 4417 728 4475 interitum
741 4420 917 4490 prolabentis.
927 4420 1004 4488 Quod
1017 4419 1051 4477 eb
1060 4421 1181 4492 Augusto
1194 4418 1230 4476 ad
1244 4421 1390 4490 Neronem,
1406 4421 1506 4477 Romae

395 4491 561 4564 contingisse
572 4492 665 4550 scribit
678 4495 889 4569 Tacitus,quum
900 4495 1084 4572 voluptatum
1095 4499 1223 4556 scisma
1236 4491 1343 4555 inventi
1353 4503 1405 4570 est,
1421 4500 1506 4572 prtit-

395 4572 458 4644 cipe
471 4573 496 4625 et
510 4574 615 4627 senatu
626 4569 804 4628 auctoribus.
