3238 5282
431 313 498 382 210
874 333 968 382 atauo
984 334 1020 383 u.

382 479 544 565 spicimus.
562 477 707 545 Samsoni
724 479 779 543 ille
794 478 1001 546 aderatlleus
1016 482 1073 564 qul
1088 481 1153 558 ssim
1165 480 1417 566 impertiebatur.
1428 475 1515 547 Snn²

383 574 467 635 etam
485 568 698 652 Apolloniam,
712 569 753 634 ad
763 567 955 652 martyrium
966 569 1212 654 ductam,atque
1226 571 1259 636 in
1274 575 1418 654 paratam
1429 587 1450 634 n
1462 575 1517 652 ty-

383 674 484 724 ranno
492 659 652 724 minutam
661 658 746 740 ultro
756 658 991 741 prosilientem,
1001 660 1157 727 divinitus
1164 661 1283 726 iussam
1293 660 1429 726 affirmat
1444 663 1516 724 bu-

383 744 539 830 marinus:
547 752 702 822 ceterum,
716 765 776 812 nec
792 747 860 830 ipsa
874 746 955 814 illud
969 749 1030 814 sibi
1045 751 1164 816 mortis
1177 768 1275 834 geum
1288 746 1515 821 mussitarent,

381 837 436 902 sed
447 835 563 903 libenti
573 835 682 901 naimo
698 836 948 918 ingrediebatur,
967 838 1054 922 quod
1068 840 1209 922 effugere
1223 838 1385 922 nequibat.
1396 835 1515 905 llaziae

382 943 518 1007 persona
533 925 691 1012 laudatur,
709 926 817 991 forsan
832 926 986 1005 intentio;
1005 945 1069 993 nou
1085 928 1219 995 laetum.
1229 927 1366 994 Domum
1379 925 1408 991 si
1424 943 1515 991 mors

382 1021 554 1098 auumque
567 1014 735 1080 immineat
750 1031 831 1098 quae
846 1015 948 1080 areeri
973 1029 1038 1090 non
1054 1018 1169 1100 possit,
1187 1017 1351 1085 toleranda
1368 1022 1428 1091 est,
1447 1033 1515 1080 mn

381 1105 592 1189 provocanda,
612 1122 676 1170 unu
692 1103 754 1168 sibi
769 1103 951 1170 inserenda.
1041 1159 1046 1166 .

471 1195 549 1261 Xll.
567 1193 670 1276 Igitur
686 1193 763 1259 lalsa
778 1211 1010 1278 quaquaversus
1024 1195 1161 1262 seeundo
1175 1201 1209 1263 et
1223 1194 1321 1261 tertia
1331 1193 1445 1261 Coeeei
1457 1212 1517 1259 ex·

381 1283 501 1368 ceptio,
516 1301 589 1350 rere
605 1289 713 1348 autern
729 1282 846 1364 prima:
860 1288 1029 1374 quatenus,
1039 1303 1104 1350 uon
1120 1285 1243 1352 lieitum
1260 1283 1435 1360 modo‚sed
1446 1282 1515 1348 val·

382 1372 423 1439 de
431 1373 634 1448 laudandum,
644 1389 705 1454 pro
717 1371 855 1436 aliorum
866 1372 980 1450 salute,
994 1379 1027 1440 et
1030 1383 1162 1456 praeter
1173 1374 1282 1440 mortu
1292 1372 1513 1446 intentionem,

380 1479 415 1527 se
430 1465 574 1545 periculo
587 1461 705 1527 mortis
720 1478 892 1545 exponere.
911 1462 1015 1540 ilaue,
1031 1481 1113 1547 quae
1127 1462 1344 1529 communiter
1359 1462 1516 1526 indirecte

382 1555 501 1632 occisio
511 1551 641 1626 dieitur,
654 1549 824 1616 eharitatis
840 1549 1037 1618 oblationem
1051 1558 1085 1619 et
1099 1552 1291 1618 sacrificium
1307 1551 1445 1618 libenter
1458 1567 1515 1632 ap-

383 1643 588 1725 pellabimus.
613 1640 697 1707 lliue
714 1643 746 1704 te
759 1645 847 1706 reete
869 1639 904 1703 in
921 1640 1044 1707 medios
1066 1641 1174 1709 hostes
1188 1640 1351 1723 proiieies,
1374 1645 1412 1706 ut
1426 1654 1515 1703 eosa

159 1739 205 1808 tlt
222 1736 363 1794 Macran.
384 1735 489 1816 patria
505 1731 681 1818 propulsas,
697 1747 809 1811 quase
825 1727 968 1795 facinore
983 1730 1167 1798 nobilitavit
1181 1731 1348 1798 Eleazarus
1365 1725 1408 1810 1);
1430 1745 1517 1792 mor-

136 1815 180 1884 vl,
196 1816 240 1869 re.

384 1828 450 1890 tem
462 1824 501 1889 ab
512 1823 623 1904 iniquo
638 1836 821 1902 aggressore
834 1817 980 1903 patieris,
1003 1819 1161 1902 reipsum
1173 1818 1346 1886 occidendo
1358 1819 1517 1899 eitaqun-

383 1929 445 1993 que
457 1913 598 1976 animam
610 1908 735 1992 perdas:
746 1913 835 1991 peste
847 1907 976 1974 inseetis
986 1927 1080 1974 sanus
1091 1907 1517 1981 ministrabimutilibusstu-

384 1999 446 2065 diis
462 2000 509 2070 rel
525 1997 705 2079 disciplinis
720 1997 803 2062 vires
818 1997 970 2072 insumam
996 1999 1138 2064 barbaris
1152 1995 1361 2076 Evangelium
1375 1995 1513 2072 deleres,

385 2095 525 2155 mortem
541 2104 601 2170 pro
619 2086 683 2152 vita
700 2085 960 2167 rependentibus.
986 2088 1060 2154 Non
1077 2093 1213 2154 mortem
1232 2085 1368 2164 scilieet,
1386 2084 1441 2148 sed
1455 2083 1516 2148 lao-

386 2183 511 2246 nestum¹
521 2176 681 2243 actionem
689 2173 898 2256 persequeris,
910 2176 1190 2244 totumtediviuae
1200 2172 1420 2257 providentiae
1430 2190 1517 2238 eom-

388 2259 533 2334 mittens.
545 2271 590 2332 lt
608 2264 709 2328 levem
723 2262 765 2326 ob
780 2280 920 2338 causam,
933 2263 983 2327 vel
1000 2283 1063 2329 non
1079 2271 1212 2338 rectum,
1227 2264 1326 2329 vittam
1340 2279 1513 2345 exponere,

387 2358 599 2424 inhumanum
614 2352 754 2418 maxime
761 2357 794 2418 et
802 2351 961 2435 iniquum.
976 2353 1069 2434 erod
1082 2373 1146 2420 non
1158 2355 1198 2418 de
1213 2351 1253 2418 iis
1270 2357 1395 2418 tantm
1409 2351 1518 2416 deen-

387 2447 464 2513 dum
475 2446 531 2531 qui
543 2461 602 2528 per
611 2447 779 2508 extensum
791 2438 898 2506 iunem
911 2447 1003 2517 eunt,
1012 2448 1148 2509 anteum
1156 2442 1257 2508 tauris
1265 2439 1517 2524 luctanturlbar·

389 2536 539 2600 berorum
560 2551 628 2599 mos
643 2547 805 2613 nunquam
821 2527 992 2612 terendus);
1009 2532 1064 2596 sed
1079 2533 1119 2597 de
1133 2531 1175 2596 iis
1188 2530 1299 2604 etiam,
1322 2529 1377 2611 qui
1394 2534 1449 2594 aut
1464 2545 1519 2594 ae·
1602 2515 1603 2548 ¹

388 2629 552 2706 gratantes
566 2619 749 2688 eommunia
764 2623 910 2686 recusant
925 2619 1171 2694 medicamenta,
1194 2622 1249 2685 aut
1264 2619 1344 2684 bene
1360 2617 1515 2692 tabutas,

386 2719 524 2780 remotas
542 2711 604 2777 sibi
617 2708 730 2774 mortis
747 2713 1006 2784 eausnsstruuut3
1020 2710 1076 2791 qui
1088 2707 1227 2775 anteibo
1242 2714 1385 2790 potuque
1400 2706 1520 2772 intem·

386 2806 538 2885 peranter
553 2805 699 2873 utuntur,
716 2803 771 2863 aut
786 2814 900 2862 venere
913 2802 1114 2880 putrescunt,
1129 2804 1184 2864 aut
1199 2795 1351 2878 tripudiis
1361 2795 1447 2860 vires
1460 2812 1517 2860 ex·

388 2890 554 2962 hauriunt,
573 2889 764 2971 morbosque
779 2887 864 2950 vitae
879 2885 1056 2952 domitores
1071 2887 1263 2952 adsciscunt.

476 2979 569 3044 Xlll.
588 2978 624 3044 Si
640 2975 907 3041 absolutissimum
922 2974 982 3039 Dei
998 2975 1032 3039 in
1049 2976 1148 3042 vitam
1163 2973 1304 3052 bominis
1317 2971 1514 3045 dominium,

387 3086 463 3151 ergo
478 3064 719 3132 sceleratissima
735 3063 869 3130 dieendn
884 3068 932 3129 est
947 3063 1040 3128 simul
1051 3070 1084 3130 et
1091 3064 1223 3128 ridenda
1234 3063 1331 3128 duelli
1346 3067 1518 3127 eonsuetu·

386 3158 441 3222 do.
468 3157 547 3237 Quis
561 3156 649 3220 enirn
664 3154 755 3219 tumr
776 3157 811 3217 ut
826 3170 884 3234 pro
900 3153 991 3216 inani
1005 3155 1197 3236 quandoque·
1208 3151 1318 3226 verbo,
1343 3151 1378 3215 in
1395 3150 1517 3214 amico·

386 3263 459 3320 rum
476 3243 589 3320 oculis,
601 3245 664 3313 vitu
680 3240 980 3326 proiieiatumuxor,
992 3242 1064 3318 lilii,
1079 3247 1227 3326 parentes
1240 3238 1417 3306 orbentur?
1428 3239 1517 3318 Quae

386 3335 492 3399 maior
507 3334 672 3416 iniquitas,
682 3347 778 3414 quam
790 3337 826 3395 ut
837 3330 905 3394 iura
921 3328 1056 3395 iortuito
1072 3331 1141 3396 ensi
1157 3327 1418 3398 committantur?
1429 3328 1516 3394 Non·

388 3439 428 3486 ue
444 3422 522 3486 baec
545 3422 722 3486 belluarum
737 3419 867 3493 iudicia,
890 3435 972 3501 quae
986 3419 1145 3502 unguibus
1156 3436 1204 3485 «ae
1219 3419 1366 3484 dentibus
1390 3416 1463 3481 litet
1478 3415 1516 3480 li·

388 3509 498 3574 niunt?
506 3507 540 3575 Si
556 3508 609 3572 bie
617 3508 722 3572 honor
730 3513 763 3572 et
772 3507 965 3580 humanitas,
978 3507 1041 3573 iam
1059 3509 1125 3592 ipsa
1143 3507 1287 3573 barbarie
1302 3510 1350 3571 est
1358 3505 1512 3571 deterior.

385 3597 485 3662 Recte
499 3595 600 3676 igitur
611 3597 734 3676 privati
747 3596 843 3662 duelli
860 3595 1008 3676 impietus
1025 3599 1176 3670 naturali,
1191 3596 1312 3670 divino,
1324 3591 1517 3660 eeclesiasti-

385 3701 423 3746 eo
438 3689 474 3748 et
488 3684 577 3748 civili
593 3683 665 3748 iuru
680 3685 861 3751 demuntur.
881 3681 1047 3749 Publieum
1063 3704 1150 3760 sero,
1169 3685 1216 3749 vel
1234 3685 1361 3766 publiea
1377 3681 1517 3747 interce-

367 3848 370 3853 ·
386 3771 481 3836 dente
496 3788 602 3846 eausa,
620 3778 653 3838 et
668 3772 794 3855 publiea
809 3772 1002 3838 auctoritate
1018 3772 1188 3848 indictum,
1213 3774 1252 3837 ad
1269 3773 1342 3838 belli
1359 3771 1516 3854 iustitiam

387 3865 566 3924 revocatur.

461 3947 552 4012 xlv.
562 3946 665 4026 Quam
678 3948 775 4025 vitae,
788 3950 932 4015 eamdem
946 3950 1160 4016 membrorum
1172 3968 1328 4014 summam
1341 3948 1515 4013 baberera·

387 4036 510 4101 tionem
527 4037 754 4117 praecipimur,
772 4038 942 4122 exquibus
963 4040 1027 4111 vita
1043 4037 1305 4122 coagmentetur.
1323 4036 1414 4103 Nihil
1431 4036 1516 4100 enirn

385 4125 420 4190 iu
439 4143 495 4190 nos
513 4123 600 4198 lieet,
610 4125 696 4205 quod
710 4125 744 4188 in
761 4127 842 4191 ulios
857 4128 900 4192 sit
916 4128 1137 4194 interdictum:
1152 4146 1250 4212 quum
1265 4115 1464 4192 etbomines
1475 4125 1515 4189 si-

384 4231 466 4288 mus,
485 4217 519 4279 et
533 4211 714 4276 intimiores
729 4214 822 4278 uobis
837 4232 932 4298 quam
948 4217 1031 4282 aliis.
1044 4217 1149 4297 Quare
1160 4216 1407 4300 chrysostomus
1424 4213 1515 4278 rebe·

385 4307 511 4369 menter
525 4305 673 4386 parentes
689 4300 904 4369 insectabatur
915 4305 970 4386 qul
985 4305 1068 4370 lilios
1083 4311 1188 4371 aetate
1200 4306 1390 4369 immaturos
1406 4319 1517 4366 exene-

384 4393 511 4468 cabant,
526 4403 589 4474 quo
605 4388 708 4453 avaris
723 4388 886 4466 divitibus,
898 4394 1071 4458 miserabili
1088 4390 1201 4459 saltem
1217 4391 1346 4458 luminis
1361 4391 1513 4463 orbitate,

387 4499 551 4546 nummum
568 4480 809 4560 extorquerent.
833 4485 862 4542 Α
877 4499 938 4561 qua
953 4483 1110 4554 Threcum
1127 4482 1330 4551 immanitate
1346 4498 1409 4545 nnn
1429 4479 1516 4543 valde

385 4571 516 4636 aberant
537 4587 577 4634 ex
593 4566 725 4645 uostris,
748 4565 803 4647 qui
819 4584 857 4632 ex
873 4570 1071 4650 genitoribus
1086 4571 1262 4650 carnifices,
1291 4574 1383 4634 natos
1399 4566 1515 4632 evirari
