3228 5280
1135 277 1199 346 aco

385 470 427 556 g
485 443 875 524 urauuusur.

231 605 422 692 1111111111
438 611 576 690 raanan
591 613 814 692 uuarutuuaua
830 607 1144 689 accomodatarum

209 803 230 858 1.
245 799 313 858 Tres
324 799 460 876 regiminis
471 799 583 857 formae.
594 799 630 856 11.
639 800 680 857 dn
691 771 856 858 miscendae.
868 797 964 854 111111
975 796 1115 866 Cicerone,
1125 796 1246 856 omnium

130 876 326 950 aequalitas,in
340 876 446 931 virtutis
460 875 663 948 inaequalitate,
677 881 720 931 est
736 875 863 932 indecora
876 880 908 932 et
919 871 1017 946 iniqua.
1029 873 1161 932 luidoni
1175 874 1244 929 mix·

132 961 192 1010 tum
208 951 334 1024 praefert,
349 957 379 1006 ut
390 963 484 1021 puram
496 949 689 1008 democratiam
702 951 840 1009 excludat.
856 951 888 1008 V.
903 947 957 1010 sod
972 949 1035 1020 iam,
1048 949 1137 1024 aliqua
1153 955 1245 1004 tamen
1360 991 1362 998 ,

5 1025 7 1066 ⁵
132 1027 335 1101 praecautione,
351 1026 456 1099 regium
469 1026 562 1084 laudnt
574 1033 655 1099 atque
668 1033 793 1083 exornat.
808 1027 853 1083 Vl.
870 1024 969 1096 Primo,
983 1025 1091 1081 rationis
1108 1022 1244 1096 exemplo,

132 1102 212 1160 caius
225 1103 252 1160 in
267 1102 375 1159 bomine
395 1103 504 1160 unicum
524 1109 568 1158 est
580 1101 735 1174 imperium.
752 1103 811 1160 vlt.
827 1101 928 1158 Deinde
942 1099 1066 1172 exemplo
1080 1099 1204 1173 lamiliae,
1219 1105 1247 1156 et

5 1201 7 1244 t
132 1179 221 1251 naris,
236 1177 461 1250 amplissimisque
483 1177 669 1249 experientiis.
680 1177 752 1236 vlit.
768 1180 853 1247 Quam
865 1177 955 1248 inepta
969 1174 1109 1232 lasciviens
1123 1175 1244 1232 libertast

132 1254 278 1310 dictatoria
292 1259 421 1329 potestas.
439 1253 485 1310 111.
500 1253 665 1310 immodicae
681 1252 814 1310 libertatis
825 1252 973 1322 descriptio
983 1258 1011 1311 et
1025 1251 1148 1309 effeetus.
1158 1252 1247 1309 itm·

132 1330 203 1386 miae
225 1327 342 1386 libertati
354 1329 475 1400 proxima
490 1329 615 1385 servitus.
632 1329 678 1386 111.
697 1327 889 1386 llixtumillud
902 1326 1042 1398 laudatur,
1058 1328 1084 1382 in
1099 1343 1153 1400 qao
1170 1349 1182 1378 a
1198 1343 1247 1384 suo

132 1405 248 1478 quisque
267 1410 310 1462 est
322 1403 410 1477 gradu
424 1405 538 1461 firmiter
551 1403 711 1462 collocatus.
727 1426 738 1454 1
753 1405 813 1461 illl.
831 1406 972 1460 Persarum
986 1401 1158 1474 disceptatio.
1172 1403 1245 1458 11111.

5 1471 6 1512 ³
132 1479 228 1538 Otanis
248 1476 447 1552 seutentiapro
462 1479 611 1550 republica.
627 1480 697 1537 XlV.
714 1479 862 1555 Megabysis
874 1469 924 1549 pro
937 1479 1116 1536 aristocratia.
1126 1478 1182 1536 XV.
1196 1479 1248 1534 lta-

5 1587 6 1590 =
134 1553 168 1612 rii
180 1569 238 1626 pro
251 1555 418 1615 monarchia.
440 1555 509 1614 liVl.
525 1548 632 1613 tonsus
651 1555 751 1636 ubique
765 1553 909 1630 possibilis,
925 1554 973 1612 sed
989 1555 1105 1612 atrocior
1119 1555 1143 1610 io
1158 1553 1251 1611 multi·

134 1629 241 1689 tudine.

222 1796 421 1864 illactenus
432 1797 471 1862 de
484 1763 642 1881 regimine
656 1751 891 1871 constituendo,
902 1795 991 1862 cuius
1002 1795 1105 1862 hostes
1117 1794 1253 1861 suntin-

131 1885 289 1952 sonatio
300 1890 337 1951 et·
346 1885 516 1952 revolutio:
535 1903 618 1951 nuuc
632 1886 672 1951 de
687 1887 755 1951 eius
770 1886 896 1951 formis.
910 1880 1090 1967 Regiminis
1106 1885 1254 1968 vulgatis-

131 1974 231 2039 simae
246 1975 368 2040 formae
380 1975 430 2042 vel
445 1975 564 2059 species
575 1981 649 2042 suot
659 1977 854 2054 monarchia,
866 1976 1080 2058 aristocratia,
1093 1977 1254 2040 democra-

132 2064 198 2138 tia„
209 2063 318 2147 lnquit
332 2063 471 2130 Tacitum
483 2083 500 2124 o
514 2063 650 2132 Cunctas
666 2063 810 2130 nationes
825 2070 859 2130 et
870 2064 963 2128 urbes
980 2062 1112 2147 populus
1124 2069 1178 2131 aut
1189 2063 1255 2146 pri-

132 2169 240 2217 mores
259 2157 315 2218 aut
328 2151 446 2234 singuli
459 2157 575 2235 regunt
591 2151 635 2237 1).
655 2175 673 2215 »
691 2172 709 2213 a
727 2151 846 2234 Quare,
863 2153 1021 2219 subsumit
1034 2153 1165 2228 Tullius,
1182 2171 1254 2220 oum
1301 2152 1323 2218 ll
1362 2152 1472 2214 Annot.
1496 2197 1504 2228 ,

132 2257 230 2324 penes
243 2259 344 2306 unum
358 2247 408 2308 est
422 2242 567 2307 omnium
580 2244 704 2306 summa
718 2259 840 2316 rerum,
858 2235 967 2323 'regem
980 2242 1074 2307 illum
1090 2260 1256 2307 1111111-
1284 2232 1328 2304 Ν,
1343 2235 1389 2288 33·

131 2345 252 2406 camus,
266 2335 300 2402 ct
315 2347 448 2411 reguum
463 2331 531 2395 cius
545 2328 595 2396 rei
609 2329 754 2414 publicae
769 2335 900 2397 statum.
918 2329 997 2398 Cum
1012 2335 1120 2397 autem
1135 2336 1184 2396 est
1202 2349 1257 2413 pe·

133 2436 190 2484 nes
203 2418 356 2493 delectos,
373 2425 442 2486 tam
458 2418 513 2485 illa
527 2418 640 2485 civitas
661 2419 866 2510 optimatium
887 2419 1022 2485 arbitrio
1039 2422 1106 2502 regi
1123 2421 1254 2486 dicitur.

132 2507 191 2573 llla
206 2511 313 2574 autem
323 2513 371 2574 est
382 2508 495 2576 civitas
508 2507 678 2591 popularis,
689 2507 735 2574 sic
750 2508 838 2572 enim
850 2509 1024 2593 appellant,
1036 2508 1070 2573 in
1082 2510 1189 2594 quain
1201 2527 1258 2592 po·
1277 2517 1282 2528 '

131 2594 208 2679 pulo
225 2597 423 2662 suntomnia
439 2594 518 2680 2).>›
1245 2609 1249 2618 '
1300 2614 1326 2685 at
1346 2615 1387 2669 ue
1412 2613 1506 2686 dep,

222 2684 267 2751 11.
284 2684 452 2768 Discrepat
466 2689 575 2751 autem
587 2701 606 2749 a
617 2682 772 2752 cicerone
782 2685 923 2763 Tacitus,
941 2703 982 2751 an
998 2685 1178 2753 miscendae
1189 2685 1256 2752 sint
1281 2689 1306 2764 l,
1319 2691 1366 2746 aa.

131 2772 193 2838 bac
204 2773 338 2849 formae,
352 2790 464 2838 necne.
474 2774 579 2857 Negat
588 2773 729 2840 Tacitus:
745 2793 762 2834 a
776 2773 905 2842 Delecta
917 2776 1062 2844 extricet
1074 2774 1256 2841 consociata

133 2861 328 2945 reipublicae
344 2862 461 2940 torma,
475 2861 598 2929 laudari
613 2861 748 2938 facilius,
763 2879 859 2945 quam
874 2864 1013 2941 evenire
1032 2866 1081 2930 vel
1095 2864 1123 2929 si
1134 2865 1254 2941 evenit,

131 2949 1257 3036 11111111111111111111113).111111111111111111111111111111-
1299 2959 1326 3031 al
1360 2955 1502 3030 annot,

135 3039 260 3106 cordius
273 3042 439 3106 consulum
450 3040 616 3108 adversum
632 3041 789 3115 tribunos,
806 3042 908 3124 plebis
923 3046 957 3108 et
972 3041 1176 3125 optimatium
1188 3059 1257 3107 cer·
1282 3037 1326 3112 lv,
1342 3037 1389 3092 ³³·

135 3127 255 3194 tamine
270 3125 316 3213 d).
335 3151 353 3193 1
368 3129 490 3197 Tullius
501 3147 589 3207 vero,
602 3128 669 3195 siue
683 3129 750 3194 eius
765 3130 800 3194 in
816 3130 899 3196 libro
914 3130 953 3195 de
963 3131 1140 3213 Republica
1154 3131 1256 3197 inter-
1297 3140 1386 3217 111,
1404 3141 1450 3196 32.

134 3217 268 3294 locutor,
279 3231 349 3284 ¹nou
365 3218 504 3304 perlecta
516 3219 583 3296 illa,
593 3218 648 3284 sed
659 3218 844 3300 quibusdam
855 3219 1091 3285 conditionibus
1106 3219 1256 3284 tolerabi-

134 3305 178 3371 lia
189 3307 365 3374 ammae«
379 3309 606 3391 Atqucborum
617 3307 718 3374 trium
729 3325 882 3390 generum
897 3308 1041 3392 quodvis,
1054 3308 1082 3372 si
1096 3312 1204 3373 teneat
1215 3309 1255 3372 il-

133 3394 371 3472 rudimentum,
388 3397 473 3478 quod
488 3397 628 3482 primum
643 3395 790 3462 homines
800 3396 886 3464 iuter
896 3415 929 3462 se
943 3396 991 3462 rei
1006 3397 1151 3482 publicae
1162 3414 1256 3464 causa

132 3483 456 3560 socictatedavinxil,
474 3503 537 3551 non
549 3486 725 3568 perfectam
740 3485 819 3552 iilud
829 3486 971 3570 quidem,
984 3505 1086 3572 neque
1101 3503 1171 3553 mea
1183 3504 1255 3551 sen-

130 3571 235 3638 tentia
256 3573 427 3655 optimum,
443 3575 499 3639 sed
514 3575 672 3641 tolerabile
695 3578 817 3650 tamem
834 3580 868 3642 et
884 3575 970 3640 aliud
987 3575 1050 3641 alio
1070 3576 1170 3661 possit
1184 3593 1252 3641 esse

131 3661 356 3744 praestantius.
366 3664 450 3731 Nam
460 3663 515 3728 ‘vel
526 3681 585 3729 rex
599 3681 715 3746 aequus
725 3680 763 3728 ac
774 3663 914 3745 molens:
923 3665 973 3731 ael
985 3662 1101 3732 delecti
1117 3682 1153 3730 ac
1164 3665 1254 3747 prin-

133 3749 334 3832 cipcs'civem
352 3750 401 3816 vel
416 3749 484 3834 ipse
499 3747 644 3836 populus,
660 3768 852 3836 quamquam
867 3753 901 3818 id
914 3762 959 3819 est
973 3754 1102 3818 minimo
1114 3755 1253 3836 probaro·

134 3839 1255 3925 dam,tamen‚nallisinterieatisiniquitatibasaatcapiditalibaapos·

134 3943 170 3992 se
186 3927 431 4012 videturaliquo
446 3946 589 3996 essenon
605 3929 729 3996 incerto
744 3927 886 4016 statuti).
899 3954 917 3994 1
930 3931 1094 4015 inquibus
1108 3927 1257 3998 duosant
1296 3941 1323 4015 nl
1348 3947 1390 4000 pe
1410 3945 1479 4017 nep.
1495 3984 1502 4013 ,

126 4015 428 4083 animadvertenda:
447 4017 480 4084 1.
498 4018 717 4085 monarchiam
732 4023 828 4104 atquc
844 4019 1077 4088 aristocratiam
1092 4021 1258 4104 possibiles
1278 4019 1301 4097 l,
1317 4021 1364 4079 ²6·

133 4103 230 4180 ciria
241 4106 276 4169 2.
284 4103 534 4180 democraticum
542 4107 850 4192 imperiummioimo
853 4111 1065 4192 probandam,
1073 4112 1121 4177 vel
1129 4111 1170 4175 iis
1181 4127 1257 4176 oon·

132 4193 311 4260 diiionibus
325 4211 407 4279 quae
423 4212 584 4278 uunquam
600 4196 755 4264 existuntz
768 4199 892 4280 quando
903 4199 991 4264 enim
1006 4198 1140 4283 populus
1156 4199 1256 4284 impe·

132 4299 208 4347 rans
221 4281 403 4358 habebitur,
421 4285 520 4350 nallis
534 4286 704 4351 interiectis
719 4285 940 4367 cupiditatibus
954 4288 1002 4353 ccl
1017 4287 1255 4370 iniquitatibus?

224 4370 285 4442 111.
303 4372 413 4456 Pergit
428 4374 530 4440 adbuc
541 4372 665 4448 Cicero,
676 4373 827 4459 cuiusque
838 4375 1005 4459 regiminis
1020 4377 1097 4443 vitia
1110 4376 1155 4441 ita
1168 4394 1254 4442 com-

132 4477 327 4537 memorans,
342 4467 380 4528 ut
393 4462 510 4530 ceteris
523 4463 647 4529 maiora
658 4463 692 4527 in
705 4464 852 4546 populari
865 4465 1001 4549 imperio
1016 4465 1254 4549 deprehendan-

131 4553 198 4616 tur:
218 4569 236 4613 n
253 4548 314 4619 Sed
329 4549 364 4618 in
380 4553 488 4637 regnis
503 4552 599 4621 nimis
614 4556 761 4638 expertes
776 4558 850 4621 sunl
865 4555 966 4622 aeteri
980 4554 1157 4622 commanis
1175 4555 1253 4621 iuris
