3224 5282
422 309 463 374 70
867 331 960 378 arnan
976 333 995 379 r.

378 486 551 568 pugnantia
566 487 604 550 de
623 489 752 552 scientia
771 508 853 555 nouo
874 491 1002 556 iudicia.
1027 490 1159 564 Veram,
1175 489 1277 571 gratia
1299 505 1394 572 qaam
1410 489 1497 554 hisce

378 576 582 659 temporibus,
600 580 711 656 agente
726 575 871 644 Victoria
886 579 1047 654 cousinio,
1071 579 1154 659 apud
1173 578 1297 644 Galliae
1318 577 1494 652 theotistos,

377 665 586 729 rationalistas
605 681 640 728 ac
654 666 843 746 paatlreistas
859 668 994 741 invenit,
1012 668 1146 732 nimiam
1153 684 1236 733 cum
1251 667 1290 730 iis
1306 665 1497 730 affinitatem

377 752 524 818 declarat.
535 754 619 818 Haeo
635 754 674 818 de
690 753 769 819 italo
784 762 922 832 auctore,
941 757 1012 820 aliis
1029 757 1167 820 numeris
1183 755 1393 832 nobilissimo,
1405 759 1499 820 eraut

379 841 667 906 animadvertenda.
683 841 816 910 Scholae
829 845 918 926 hujus
930 845 1101 926 magistris,
1113 845 1247 912 Bacenis
1261 845 1392 910 effatum
1408 860 1499 908 com-

379 931 574 996 mendamus:
592 929 666 996 Noa
680 932 763 1008 aloe,
781 937 833 1000 sed
844 933 1032 1018 plumbum(
1052 937 1074 1016 i.

467 1019 557 1086 XIV.
571 1017 748 1085 Humanam
762 1029 906 1088 naturam
919 1041 955 1090 ac
965 1023 1160 1098 societatem,
1175 1021 1360 1106 mysterium
1369 1039 1500 1089 essere·

379 1108 568 1174 velationem
579 1109 837 1190 despicientibus,
852 1112 990 1194 probant
1004 1130 1113 1176 eorum
1127 1115 1320 1188 commenta,
1337 1113 1395 1193 qut
1410 1132 1430 1178 e
1446 1131 1500 1178 re-

378 1197 544 1262 velationis
559 1197 687 1264 tramite
701 1199 918 1266 discesserant.
932 1200 1100 1266 Hominem
1116 1217 1156 1265 ex
1167 1200 1305 1264 silvestri
1316 1201 1381 1266 vita
1395 1202 1499 1266 velex

378 1285 473 1350 bmto
485 1287 657 1363 animante,
675 1288 764 1370 quasi
780 1290 1038 1371 papiliunculam,
1056 1307 1113 1372 per
1128 1289 1305 1354 tentamina
1320 1295 1355 1355 et
1368 1308 1499 1356 succes-

379 1374 460 1446 sivas
475 1376 711 1442 immutationes
726 1378 858 1443 adhunc
872 1383 989 1445 statum
1005 1378 1194 1460 pervenisse.
1212 1378 1286 1446 Noa
1301 1379 1431 1444 ratione
1446 1379 1498 1443 vel

379 1464 480 1528 nobili
493 1465 642 1548 quopiam
657 1465 822 1546 instinctu,
841 1469 894 1532 sed
910 1467 1031 1532 tonitru
1045 1466 1093 1534 vel
1105 1466 1236 1530 caedum
1248 1466 1378 1545 timore,
1396 1468 1499 1532 socie·

379 1557 446 1621 tate
456 1553 596 1632 inventa,
611 1553 680 1620 sine
691 1555 782 1620 lirma
794 1574 830 1621 ac
841 1557 940 1622 indita
953 1558 1020 1638 lege
1031 1555 1166 1636 imperia
1177 1573 1302 1638 quoque
1317 1557 1495 1632 invenisse,

458 1715 497 1792 (a)
517 1719 585 1778 Vera
597 1718 741 1778 historiae
753 1717 941 1794 philosophia
961 1724 1086 1790 parentes
1107 1723 1254 1776 veneratur
1270 1735 1295 1774 s.
1310 1718 1499 1792 Augustiuum

383 1791 408 1849 in
424 1795 541 1851 maximo
558 1810 639 1865 opere
658 1795 694 1850 de
710 1797 834 1854 Ciuitate
847 1800 911 1862 Dei,
926 1803 953 1854 et
966 1797 1127 1852 Bossuetum
1141 1796 1168 1850 ia
1182 1793 1267 1850 libro:
1284 1797 1432 1852 Diseours
1445 1811 1500 1854 sur

381 1865 392 1922 l
395 1867 523 1924 'histoire
534 1867 715 1925 aniver'seile.

458 1945 545 2010 Quam
560 1942 674 1999 tabentis
690 1946 795 2014 imperii
811 1944 893 2016 mala,
904 1943 1023 2002 Gentiles
1034 1946 1079 2019 qai
1091 1947 1264 2020 supererant,
1277 1943 1304 2001 in
1314 1943 1497 2003 christianam

382 2015 541 2087 religionem
554 2019 675 2076 conterre
690 2019 821 2090 solerent,
833 2021 909 2093 quasi
923 2021 980 2090 ipsa
992 2023 1063 2077 Deos
1076 2020 1225 2092 expulisset
1235 2019 1497 2092 quibuslmperium

382 2098 506 2161 steteran
518 2093 686 2164 potissimum
697 2095 898 2151 recruduerant
908 2095 1054 2152 infidelium
1062 2094 1200 2168 querelae,
1208 2111 1282 2166 cam,
1291 2104 1429 2167 aegusam
1440 2099 1501 2154 Ho-

384 2168 470 2238 norio,
486 2169 563 2225 Gothi
581 2185 714 2225 summam
728 2168 836 2228 cladem
849 2171 950 2226 Romae
963 2171 1127 2228 intulissent.
1142 2172 1218 2227 Tunc
1231 2171 1385 2228 incredibili
1398 2173 1498 2230 erudi·

384 2243 454 2298 tione
468 2249 495 2298 et
506 2243 604 2316 ingenii
616 2244 648 2318 vi,
663 2245 828 2318 Augustinus
844 2246 982 2302 historiam
995 2241 1154 2316 complexas
1164 2245 1285 2302 omnium
1301 2246 1498 2322 saeculorum,

383 2317 535 2374 mirandam
549 2335 614 2374 sane
627 2322 747 2390 gentium
760 2335 792 2376 ac
807 2336 955 2392 regnorum
971 2322 1074 2378 vicibus
1089 2321 1220 2377 rationem
1233 2337 1265 2378 aa
1279 2321 1372 2378 lacem
1386 2322 1497 2394 attulit,

382 2409 481 2450 causas
502 2410 593 2450 rerum
614 2396 722 2468 evolsit,
737 2395 879 2468 theologus
895 2396 986 2467 simul,
1003 2397 1189 2468 philosophas,
1206 2396 1346 2469 legislator
1358 2403 1388 2453 et
1402 2398 1499 2468 politi·

382 2485 443 2525 cus.
459 2468 508 2525 lllo
529 2470 591 2526 udril
607 2470 728 2545 solidius,
749 2471 813 2527 nihil
829 2473 940 2528 uberius
953 2472 993 2528 vel
1007 2472 1152 2529 excelsius.
1168 2473 1243 2528 Haec
1261 2486 1355 2528 reram
1370 2489 1498 2530 summa:

382 2544 500 2601 blandas
513 2561 568 2607 aaa
584 2546 718 2619 simulque
737 2545 825 2603 diviua
839 2547 896 2620 legs
910 2546 1088 2620 gubernatur:
1108 2548 1156 2604 sed
1172 2547 1327 2604 mortalium
1343 2548 1430 2606 eorda
1443 2549 1499 2606 da·

355 2655 359 2662 -
379 2618 444 2690 ples
457 2626 568 2677 exercet
580 2635 665 2691 amor,
680 2622 808 2679 caelestis
822 2623 862 2679 vel
876 2625 1084 2679 terrenusHiac
1097 2622 1200 2692 duplex
1214 2621 1296 2678 velati
1310 2623 1418 2695 civitas,
1427 2640 1503 2682 aaa

377 2693 460 2753 lestis
474 2711 536 2768 aaa,
554 2697 640 2753 altera
653 2702 781 2756 terrena.
796 2700 869 2755 Duce
883 2700 946 2767 lieo,
963 2699 1059 2754 militat
1079 2699 1199 2755 interris
1220 2698 1315 2754 civitas
1334 2697 1383 2752 illa
1403 2700 1500 2758 caele·

377 2771 437 2842 stis,
453 2770 538 2827 donec
551 2773 576 2828 in
588 2773 752 2828 aeternitatis
766 2774 825 2828 sinu
840 2779 895 2830 tota
906 2773 1050 2845 colligatur
1063 2779 1090 2828 et
1103 2773 1342 2846 conquiescat.Sed
1357 2772 1440 2846 dam,
1452 2790 1501 2832 re·

376 2844 428 2901 bus
443 2847 578 2919 secundis,
595 2849 677 2904 animi
692 2845 864 2904 ltrauriaatur
883 2863 915 2904 ac
929 2849 1061 2904 rebellant
1074 2849 1127 2904 beo
1145 2850 1171 2903 ia
1189 2848 1299 2904 civitate
1312 2855 1441 2921 terrena,
1464 2851 1500 2906 ab

376 2921 424 2976 ilio
445 2923 616 3001 reirenaptar
636 2921 839 2979 medicinalibus
854 2924 956 2994 poeuis.
975 2925 1047 2979 Haec
1067 2923 1207 2979 monitoria
1227 2923 1391 2979 Divinitatis.
1414 2926 1501 2982 Hisce

375 3005 527 3068 pargantur
540 3001 603 3056 iusti
617 3015 650 3055 ac
663 2999 850 3070 perficiantur,
860 2999 923 3054 mali
935 2997 1116 3055 admoneatur
1130 2997 1172 3053 vel
1183 2999 1395 3068 plectunturzia
1409 3001 1502 3057 utris·

374 3087 438 3144 que,
454 3075 636 3144 providentiae
651 3091 682 3130 aa
696 3075 810 3130 iustitiae
824 3075 891 3131 ordo
904 3080 1072 3130 servaturae
1085 3074 1179 3145 lalgat.
1194 3074 1288 3129 Brevi:
1304 3075 1396 3130 iustus
1408 3075 1498 3148 Deus,

374 3149 453 3206 homo
467 3149 544 3207 liber.
557 3151 673 3222 Expleta
686 3164 777 3205 reram
789 3150 882 3206 ordine
893 3156 1006 3220 utraque
1023 3149 1119 3204 civitas
1132 3149 1277 3220 colligetur
1289 3148 1325 3205 ad
1338 3151 1501 3220 praemium

374 3223 416 3282 vel
428 3225 461 3280 ad
475 3242 598 3300 poenam,
608 3228 635 3282 ia
646 3241 740 3282 aevum
755 3225 1151 3296 mansuraflaechugastiuas.

460 3301 608 3358 Bossuetas
629 3317 706 3373 vero,
726 3301 853 3356 strictiori
868 3306 895 3354 at
912 3298 1107 3369 fulgentissima
1121 3297 1252 3370 oratioue,
1268 3299 1396 3370 gentium
1410 3306 1500 3374 atque

376 3375 552 3445 imperiorum
572 3379 644 3433 lacta
662 3378 739 3449 quasi
754 3376 780 3430 iu
795 3373 886 3430 tabula
907 3373 1006 3429 affabre
1026 3374 1184 3445 depingens,
1200 3373 1251 3429 alio
1265 3373 1331 3430 iicet
1345 3375 1449 3431 ordine
1471 3383 1502 3432 et

373 3450 470 3520 lorma,
483 3453 624 3522 Augustini
636 3451 747 3520 vestigia
758 3457 800 3504 est
811 3455 981 3518 prosecutus.
996 3448 1055 3505 illic
1066 3448 1228 3519 humanitas,
1241 3453 1343 3519 qaanta
1354 3458 1411 3522 est,
1426 3465 1503 3507 con·

373 3525 506 3596 spicitur3
530 3527 585 3582 illic
599 3527 773 3596 imperiorum
787 3525 863 3595 origo
880 3528 908 3579 et
923 3537 1012 3594 casus,
1028 3539 1091 3578 cam
1106 3525 1162 3578 suis
1175 3525 1263 3577 causis
1279 3530 1308 3578 et
1321 3525 1499 3599 rationibus,

375 3599 429 3657 illic
443 3601 551 3656 humaui
564 3602 673 3672 generis
687 3599 763 3673 quasi
783 3599 882 3655 humen
898 3614 962 3668 prae
976 3598 1061 3656 oculis
1076 3613 1234 3667 excurrens,
1250 3613 1284 3652 aa
1297 3597 1423 3670 desuper
1436 3604 1504 3658 Nu·

374 3691 439 3730 mea
453 3675 552 3746 ipsam,
565 3675 679 3748 singulis
693 3674 847 3746 rependens
857 3675 935 3747 iusta,
947 3673 1091 3745 omniaque
1102 3674 1127 3729 in
1138 3673 1178 3728 sui
1190 3678 1218 3729 et
1228 3673 1363 3729 iustorum
1374 3673 1503 3746 gloriam

375 3759 548 3807 convertens.
559 3752 719 3807 Bossaetum
736 3750 823 3819 carpit
836 3751 989 3816 Causinius,
1006 3745 1076 3820 qnod
1094 3753 1205 3802 naturae
1224 3747 1360 3804 humanae
1376 3765 1503 3810 cursum

376 3841 432 3880 non
447 3826 502 3882 sala
516 3827 627 3883 rationis
640 3826 728 3898 lance,
745 3825 794 3881 sed
809 3824 1020 3896 supernaturalis
1031 3836 1137 3894 qaoque
1148 3820 1337 3878 Providentiae
1349 3825 1506 3882 interven·

375 3907 405 3954 tu
420 3901 601 3975 perpendertq
615 3903 690 3975 quasi
706 3903 730 3960 id
742 3908 817 3958 esset
827 3901 899 3975 quad
909 3901 994 3957 aiant:
1007 3903 1086 3954 Deus
1096 3912 1133 3951 ea
1143 3897 1297 3952 moabiae.
1310 3897 1417 3956 Verum
1427 3902 1505 3960 Bos-

376 3981 481 4050 saetus,
493 3979 659 4048 amplissima
672 3979 927 4049 comprehensione,
939 3991 991 4046 qun
1002 3971 1078 4028 ratde
1090 3971 1206 4026 minores
1220 3977 1284 4027 suat
1295 3975 1502 4052 naturalistae,

370 4050 509 4108 humanae
522 4056 612 4126 gentis
622 4054 755 4112 naturalia
770 4061 798 4110 et
811 4047 1025 4124 supernaturalia
1036 4049 1073 4102 ita
1084 4044 1331 4131 complectebatur,
1347 4054 1380 4104 ut
1391 4049 1507 4110 diluci-

376 4123 438 4180 dam
452 4142 484 4183 ac
494 4131 637 4188 sublimem
651 4147 744 4188 rerum
758 4130 934 4187 humanarum
949 4123 1090 4180 historiam
1104 4120 1185 4176 sunni
1199 4126 1227 4176 et
1236 4120 1505 4205 'demostrationem

375 4201 531 4260 conficeret.
547 4209 603 4275 Qua
619 4207 682 4264 nihil
698 4204 867 4264 discentibus
881 4201 983 4272 atilius,
999 4197 1087 4254 doctis
1106 4201 1197 4250 autem
1214 4195 1281 4252 arbai
1295 4199 1413 4254 suavius
1428 4217 1505 4272 prae

375 4276 499 4333 manibus
512 4283 594 4339 cedit.

451 4354 478 4408 Si
492 4370 557 4413 vera
571 4358 698 4414 historiae
711 4351 889 4427 philosophia,
907 4365 940 4406 ex
955 4346 1047 4404 Tacito
1062 4342 1108 4401 illa
1122 4349 1175 4416 est,
1192 4359 1260 4416 quaa
1275 4344 1312 4399 ita
1326 4355 1451 4406 enarrat
1467 4368 1506 4409 ac

375 4421 496 4488 discutit,
512 4439 542 4488 ut
557 4454 568 4483 a
581 4450 633 4489 non
648 4433 727 4489 modo
740 4445 833 4496 casus,
848 4432 1016 4495 eventusque
1032 4435 1136 4490 reram,
1152 4417 1202 4475 sed
1217 4419 1284 4475 ratio
1297 4421 1394 4490 etiam,
1412 4439 1505 4483 caus-

375 4513 474 4571 saeque
488 4493 637 4564 noscantur
651 4528 661 4557 u
677 4507 777 4578 mist,
790 4504 813 4575 l,
827 4499 878 4573 l.i;
891 4514 970 4556 nemo
981 4499 1111 4554 hactenus
1122 4493 1155 4550 ad
1167 4494 1352 4552 dramaticum
1365 4498 1503 4559 Bossueti

376 4575 517 4638 veritatem
531 4588 557 4638 et
571 4582 728 4656 dignitatem
743 4578 870 4634 accessit.
