3224 5282
817 323 822 327 '
880 317 974 369 tinnit
989 321 1013 367 l.

722 543 1056 624 TlTULUS
1113 549 1184 666 xl..

780 743 824 792 nn
833 742 919 793 Vm
928 741 1118 793 enatemus.

469 889 490 944 Ι.
505 888 567 945 l'ria
587 887 815 962 veraereligionis
823 888 949 962 insignia.
965 889 1000 946 ll.
1017 891 1041 946 l.
1054 887 1166 963 Reliqio
1182 903 1292 964 scarras
1302 895 1356 948 est:
1367 904 1438 963 erpo
1448 908 1508 948 uno

393 969 446 1023 est·
460 963 507 1022 ill.
522 965 579 1021 lloc
590 970 700 1037 gentes,
713 964 851 1022 societatis
865 968 979 1035 unitate,
1000 965 1202 1023 consociantur.
1218 965 1262 1022 lV.
1278 967 1351 1022 llaec
1372 966 1508 1023 Christia-

394 1040 473 1096 nismi
493 1039 551 1096 laus
570 1038 604 1095 ab
617 1039 722 1114 origine
736 1040 839 1098 mnam.
854 1041 886 1099 V.
908 1043 992 1112 Quam
1007 1039 1161 1114 pulchraet
1173 1041 1296 1113 praecisa
1310 1041 1509 1097 Christianismi

393 1114 493 1172 unitasl
505 1115 550 1171 Vl.
564 1113 734 1172 intolerantia
749 1115 890 1190 retsptosn
902 1131 964 1172 cum
979 1113 1060 1172 etnili
1074 1131 1128 1172 non
1143 1115 1343 1172 contundenda.
1359 1115 1418 1174 Vll.
1434 1119 1470 1173 Ut
1483 1119 1508 1172 in

391 1191 465 1246 omni
479 1203 519 1257 re,
532 1189 572 1245 sic
585 1190 612 1246 in
626 1189 868 1261 religione,veritas
884 1207 899 1247 a
912 1191 1028 1248 falsitate
1041 1195 1084 1246 est
1097 1191 1347 1248 secernendalllll.
1358 1192 1434 1249 Unus
1448 1192 1508 1248 cul-

393 1265 491 1335 tus,uti
504 1279 559 1320 nna
572 1263 727 1336 religiolll.
745 1269 772 1322 2.
784 1266 893 1341 lleliplo
906 1273 948 1324 est
962 1278 1072 1323 vnarrns
1084 1281 1189 1327 orrares
1200 1281 1266 1340 erpo
1279 1265 1334 1322 illa
1348 1283 1509 1340 sermome

392 1347 456 1398 toto
469 1355 507 1396 en
520 1343 581 1396 Deo
593 1346 645 1398 est.
663 1341 697 1398 ll.
713 1340 855 1414 Religionis
867 1342 1003 1400 revelatae
1014 1343 1171 1398 necessitas.
1182 1342 1228 1398 lll.
1238 1342 1357 1399 Rationis
1369 1343 1503 1412 impoten-

393 1416 430 1472 tia
443 1415 484 1472 vel
501 1415 611 1472 malitia.
629 1416 688 1474 llll.
707 1417 855 1475 Existentia
870 1417 1042 1476 revelationis
1062 1417 1217 1490 attingitur.
1236 1417 1310 1473 xlii.
1327 1418 1401 1489 Ergo
1417 1420 1509 1476 existit

393 1491 435 1548 ius
447 1490 610 1560 revelatum,
626 1493 682 1550 sive
692 1491 786 1566 religio
799 1493 887 1550 divina
897 1500 925 1552 el
935 1491 1147 1550 irreformabilis.
1159 1492 1227 1549 lllll.
1242 1495 1268 1548 3.
1283 1491 1395 1566 stellein
1406 1501 1449 1550 est
1460 1511 1508 1551 rs-

392 1583 470 1624 arras
484 1583 614 1625 socrrurs:
623 1583 689 1644 erpo
700 1573 766 1644 ipso
776 1577 818 1628 est
827 1572 958 1648 perfecta
968 1571 1101 1625 societas.
1111 1567 1248 1640 llllllrgu
1258 1566 1345 1624 maino
1356 1568 1441 1638 pollet
1452 1570 1508 1625 lla-

393 1643 515 1710 gislerio.
532 1644 600 1701 lllll.
616 1644 800 1717 magisterium
818 1646 869 1702 hnc
882 1652 928 1703 est
946 1645 972 1701 in
986 1643 1119 1700 Ecclesia.
1136 1643 1217 1700 llllll.
1241 1643 1302 1713 lpsa
1319 1649 1362 1698 est
1375 1644 1434 1698 riva
1450 1644 1506 1700 lex.

393 1719 488 1776 Xlllll.
505 1718 563 1775 lllio
575 1725 667 1777 autem
688 1726 742 1791 est,
758 1720 803 1776 ubi
818 1723 907 1790 Petra,
921 1721 966 1777 cui
986 1721 1199 1790 superstruitur,
1215 1723 1244 1774 et
1260 1717 1352 1774 clares
1366 1735 1382 1774 a
1395 1718 1507 1776 Christo

392 1795 515 1850 traditae.
533 1795 604 1852 lllll.
619 1798 692 1864 Quae
705 1796 816 1854 uenum
829 1798 949 1855 Romana
963 1801 1006 1852 est
1016 1794 1150 1858 Ecclesia,
1164 1801 1307 1864 pastorum
1317 1797 1504 1866 successione,

390 1869 494 1926 Christo
506 1875 534 1926 et
545 1869 673 1928 caelestis
685 1871 779 1930 curiae
791 1873 895 1930 civibus
909 1869 1104 1943 conglutinata.
1121 1870 1178 1926 llll.
1196 1870 1320 1938 Seipsam
1334 1869 1506 1942 gubernans,

392 1943 544 2000 huminibus
557 1946 702 2018 excelsior,
724 1948 841 2021 ipsisque
863 1950 919 2005 iura
938 1947 1028 2005 divina
1042 1948 1172 2002 reterens.
1195 1945 1266 2000 lllll.
1282 1946 1432 2002 Raetorum
1445 1947 1507 2002 offi-

390 2021 473 2090 cium,
490 2020 516 2074 in
530 2035 594 2077 sera
608 2021 736 2096 religione
750 2024 897 2084 ediscenda
909 2040 942 2084 ac
956 2021 1148 2096 promovenda.
1160 2021 1245 2078 Xllll.
1258 2021 1342 2078 liuius
1354 2020 1427 2078 tituli
1438 2024 1507 2077 ratio

389 2100 418 2151 et
431 2095 587 2153 necessitas.
940 2095 945 2102 '
987 2103 992 2110 ’

478 2248 506 2312 Ι.
524 2245 629 2326 Quum
644 2250 777 2317 scientia
789 2251 868 2317 iuris
880 2257 1023 2325 naturae,
1036 2265 1158 2313 summa
1170 2247 1324 2330 expendat
1336 2247 1420 2323 iura,
1435 2248 1507 2329 qul-

389 2336 445 2400 bus
460 2341 571 2402 natura
586 2338 650 2419 ipsa
665 2340 842 2415 subiicitur,
860 2346 954 2423 atque
969 2341 1003 2403 in
1018 2337 1179 2403 communi
1196 2339 1340 2401 omnium
1351 2339 1506 2403 societate

388 2427 604 2501 constituitur,
614 2447 677 2493 non
690 2435 758 2494 erat
769 2446 843 2493 sane
858 2428 1083 2512 praetereunda
1100 2425 1224 2505 religio,
1239 2425 1327 2490 cuius
1339 2426 1434 2489 modo
1448 2444 1506 2490 ne-

298 2547 302 2554 ,
388 2516 566 2581 cessitatem
580 2517 859 2600 conspiciebamus,
877 2518 979 2582 Venae
995 2520 1101 2581 autem
1116 2514 1278 2594 religionis
1293 2514 1447 2593 insignia,
1465 2533 1505 2578 cx

388 2603 538 2668 hactenus
552 2606 730 2687 disputatis,
752 2606 814 2671 tria
833 2611 1017 2688 sequuntur.
1042 2603 1124 2670 Nam
1139 2601 1332 2683 requiritur:
1352 2603 1384 2666 1.
1405 2603 1449 2670 Ut
1462 2604 1505 2668 sit

386 2693 512 2770 veritos,
533 2712 597 2758 non
616 2696 702 2759 enim
717 2695 863 2758 colendus
878 2712 978 2769 err0r;
990 2694 1030 2757 ·2.
1052 2695 1087 2756 ut
1101 2691 1143 2756 sit
1158 2692 1273 2754 veritos
1288 2691 1412 2764 diuino,
1432 2710 1505 2756 ora·

386 2780 454 2843 cula
471 2780 574 2846 lenens
596 2782 712 2867 summi
726 2782 807 2858 Dei;
826 2781 859 2847 3.
876 2790 912 2849 ut
926 2782 968 2846 sit
982 2781 1097 2844 veritas
1112 2779 1248 2852 socialis,
1266 2777 1438 2843 hominum
1453 2799 1505 2844 so-

385 2869 492 2933 cietati
508 2871 684 2936 edocendae
700 2889 735 2936 ac
750 2872 904 2953 regendae
926 2887 1034 2952 capax,
1053 2867 1180 2951 ipsaque
1195 2865 1369 2948 perlectam
1384 2869 1434 2932 sui
1450 2887 1505 2952 ge·

386 2957 470 3020 neris
485 2960 668 3025 societatem
681 2961 885 3025 constituens.
899 2960 981 3023 Hinc
993 2958 1055 3021 alia
1066 2957 1127 3022 tria
1139 2955 1397 3036 proficiscuntur:
1415 2958 1446 3021 1.
1463 2959 1504 3024 Ut

385 3046 646 3128 religiositatem·
662 3051 696 3114 2.
714 3053 749 3114 ut
764 3050 806 3115 sit
821 3049 971 3122 revelata·
983 3043 1016 3118 3.
1031 3051 1066 3110 ut
1078 3044 1184 3109 omnia
1200 3044 1260 3107 sibi
1276 3043 1405 3119 habeat,
1423 3065 1504 3130 quae

385 3137 424 3200 ad
436 3137 608 3218 perfectam
622 3138 796 3202 societatem
811 3141 883 3201 sunt
899 3135 1083 3199 necessaria.

475 3227 519 3289 ΙΙ.
537 3226 658 3290 Primo:
675 3224 794 3308 Reliqio
806 3225 921 3289 veritos
937 3231 991 3287 est:
1009 3241 1080 3304 erpo
1094 3237 1162 3284 uno
1177 3227 1232 3284 cst.

434 3354 437 3363 ι
476 3315 535 3378 lll.
550 3314 786 3378 Demonstratio
799 3314 891 3377 huius
902 3309 1138 3394 propositionis,
1152 3308 1230 3390 ipsis
1242 3306 1343 3374 verbis
1355 3308 1502 3376 effertur:

391 3420 476 3475 nam,
495 3403 522 3465 si
539 3402 655 3466 veritas
668 3418 731 3464 una
746 3405 807 3476 est;
825 3418 900 3480 ergo
922 3404 955 3464 et
978 3416 1050 3466 vera
1072 3397 1185 3476 religio
1210 3413 1271 3459 una
1287 3401 1346 3461 est.
1364 3398 1504 3474 Deinde,

386 3508 458 3554 cum
474 3489 612 3569 plurima
626 3487 803 3566 siut'regna
819 3487 852 3549 in
869 3487 975 3562 terris,
993 3505 1072 3551 unus
1090 3491 1197 3548 tamen
1214 3491 1338 3565 praeest
1354 3489 1507 3554 omnibus

386 3579 483 3642 Deus:
501 3593 577 3657 ergo
593 3594 691 3639 unum
708 3574 774 3638 eius
790 3574 972 3655 imperium,
985 3593 1047 3639 una
1059 3574 1148 3648 lldes,
1161 3591 1241 3636 unus
1251 3574 1365 3648 cultus,
1379 3593 1445 3639 una
1458 3598 1506 3643 re-

388 3666 477 3746 ligio.
496 3665 561 3730 Hac
576 3665 679 3730 solum
694 3661 827 3736 unitate,
845 3662 899 3726 illa
915 3668 962 3728 est
977 3661 1135 3745 possibilis
1146 3661 1287 3742 gentium
1302 3662 1506 3742 coniunctio,

385 3753 534 3827 charltas,
552 3753 757 3835 omniumque
771 3749 964 3827 fraternitas,
980 3769 1041 3834 qua
1056 3748 1147 3814 unius
1162 3749 1262 3832 patris
1278 3749 1337 3814 lilii
1348 3751 1504 3831 dicimur,

385 3847 418 3908 et
432 3859 550 3908 sumus.
1304 3877 1308 3885 ·

477 3930 535 3996 IV.
559 3925 645 3995 llaec
660 3926 812 3992 mirabilis
834 3926 1051 3994 Catholicismi
1073 3925 1189 4002 unitas,
1213 3926 1454 4007 magnificentia
1475 3939 1508 3998 et

385 4022 463 4094 laus,
477 4020 516 4083 ab
528 4018 653 4100 origine
665 4016 786 4082 mundi.
803 4018 921 4084 «Unus
932 4007 1018 4081 enim
1029 4018 1123 4089 Deus,
1138 4033 1218 4080 unus
1229 4019 1262 4079 et
1274 4015 1435 4082 mediator
1445 4021 1507 4084 Dei

163 4121 185 4192 tt
198 4119 209 4174 l
224 4112 361 4185 remoto,
383 4116 416 4175 et
430 4109 596 4173 huminum
611 4106 707 4171 homo
721 4103 864 4171 Christus
879 4107 968 4172 lesus
984 4104 1026 4184 1).
1047 4128 1064 4166 a
1081 4105 1129 4170 En
1153 4103 1317 4183 religionis
1340 4104 1506 4174 obiectum

139 4195 174 4265 Η.
188 4200 214 4250 5.
383 4199 423 4263 ab
440 4197 543 4263 Adam
558 4213 655 4280 usqne
670 4194 708 4259 ad
725 4211 794 4259 uns.
811 4195 893 4260 Hinc
908 4211 971 4258 una
986 4193 1073 4258 fides.
1094 4213 1111 4252 rr
1128 4192 1198 4258 Una
1213 4191 1301 4256 enim
1317 4190 1396 4257 fides
1411 4195 1507 4263 iusti-

178 4291 203 4361 2)
231 4292 259 4344 s.
288 4288 361 4357 1120,
382 4288 456 4354 licat
469 4286 688 4354 universorum
696 4287 881 4362 ,temporum
896 4287 1020 4346 sanctos
1032 4279 1074 4363 2).
1093 4304 1110 4343 s
1123 4281 1200 4346 lude
1211 4278 1326 4360 religio
1338 4288 1507 4366 evangeli-

136 4367 229 4421 terrm.
264 4363 306 4436 ¹⁴2
327 4360 364 4418 de
381 4395 431 4452 ca,
445 4394 525 4443 nova
536 4374 638 4459 quoad
649 4369 890 4455 plenitudinem,
905 4387 967 4434 una
978 4375 1046 4433 erat
1056 4386 1128 4433 cum
1140 4368 1281 4449 antiqua,
1291 4368 1423 4452 eiusque
1431 4391 1507 4453 per.

138 4439 223 4496 ΡΜ·
383 4465 480 4533 lectio
495 4471 528 4532 et
544 4462 797 4544 implementum.
815 4459 898 4524 Nam
916 4477 933 4516 a
948 4474 1056 4520 omnes
1071 4456 1125 4537 qui
1140 4457 1179 4538 alp
1193 4455 1289 4518 initio
1305 4460 1422 4523 saeculi
1435 4461 1506 4526 lue-

384 4562 458 4621 runt
471 4555 559 4628 iusti,
574 4554 668 4632 caput
683 4545 842 4616 Christum
854 4545 985 4609 lrabeat.
1006 4543 1055 4609 llli
1071 4544 1157 4609 enim
1173 4546 1339 4612 sentiarum
1353 4564 1422 4611 esse
1435 4567 1505 4613 cre-
