3228 5280
616 315 836 368 rrrunosxrv.
1159 305 1226 376 ³35

239 464 315 532 llll.
335 461 531 541 Religiosum
547 461 786 530 matrimonium
802 467 872 547 quis
889 469 989 532 vetet?
1004 468 1154 552 inquiunt
1164 471 1267 542 adbuc

149 553 356 618 sanctissimi.

12 632 24 676 ¹
239 641 387 708 Nondum
403 639 531 722 quidem
545 638 747 722 liobespierii
762 641 828 708 Dea
844 643 973 721 revixit,
988 645 1054 712 Dea
1066 645 1173 726 liutto,
1186 669 1266 733 quse

12 723 23 764 i
146 733 308 797 increatae
322 729 470 796 Rationis
484 728 603 795 cultum
618 730 747 796 delerit.
764 731 886 798 Verum
899 733 927 799 si
942 734 976 800 in
989 735 1119 817 regione
1130 737 1266 806 catholi-

11 815 22 856 Γ
147 838 185 887 ca
195 820 297 886 audax
305 818 467 900 legislator
478 817 597 883 nullam
607 821 798 886 sacramenti
809 821 966 889 rationem
978 829 1080 907 gerat,
1090 830 1185 910 atque
1196 828 1266 895 iure

10 905 21 966 i
147 909 305 976 catholico
321 907 449 973 irritum
462 906 702 973 matrimonium
712 927 772 992 pro
783 914 854 976 rato
863 909 989 987 lrabeat,
1002 931 1265 998 nonnespernen·

10 995 21 1038 ⁵
146 998 206 1064 dae
217 996 381 1080 religionis
395 995 480 1061 viam
494 1000 528 1061 et
541 995 705 1062 commode
722 999 790 1079 ipse
805 1001 913 1080 parat?
928 1003 1010 1078 imo,
1028 1001 1057 1068 si
1072 1004 1264 1074 catholicam

9 1087 19 1128 ⁵
145 1086 288 1169 coniugii
303 1085 521 1153 oeconomiam
537 1085 656 1168 legibus
672 1091 805 1162 evertat,
823 1106 927 1155 nonne
942 1091 1063 1158 directe
1083 1095 1188 1174 gentis
1202 1098 1267 1162 cul-

9 1169 19 1218 Ι
146 1183 216 1244 tum
235 1175 431 1261 aggrediturt
442 1173 620 1257 impietatis
634 1175 735 1257 igitur
749 1183 782 1244 et
796 1178 956 1262 sacrilegii
972 1186 1081 1247 nomm
1092 1183 1159 1264 ipse
1171 1189 1203 1250 et
1214 1185 1265 1251 lex

8 1269 16 1312 ¹
145 1264 547 1349 effugientlFingeanovis
558 1262 727 1348 aliquando
735 1264 841 1331 eiierri
852 1268 1095 1348 legislatoribus:
1104 1272 1170 1340 Nos
1179 1274 1263 1340 turta

10 1357 15 1379 ¹
145 1355 375 1439 permittimus:
392 1352 447 1419 sed
463 1351 616 1434 numquid
631 1352 788 1420 iustitiam
803 1357 892 1438 sequi
907 1357 1127 1440 probibemus?
1141 1361 1208 1426 imo
1223 1364 1264 1428 sd

7 1436 14 1488 t
144 1441 933 1523 illamexnortamur.Vertenunc:Nosreligiosum
942 1448 1184 1514 matrimonium
1195 1469 1262 1516 ma·

7 1535 14 1596 l
142 1533 231 1600 xime
245 1533 417 1607 laudamus:
430 1531 484 1596 sed
496 1530 722 1606 incestuosum,
735 1531 1012 1610 adulterinum,vel
1021 1553 1216 1621 quecumque
1228 1559 1262 1604 a·

144 1623 188 1688 lia
202 1623 328 1687 ratione
343 1621 450 1686 divina
464 1625 498 1684 et
513 1619 722 1685 ecclesiastica
745 1620 866 1686 nullum
881 1630 976 1706 atque
992 1623 1134 1704 irritum,
1153 1633 1261 1694 nostre

6 1769 11 1796 ἵ.
144 1716 301 1794 potestate
316 1715 459 1775 sanctum
475 1714 508 1772 ct
525 1706 704 1789 legitimum
719 1711 953 1778 constituimus.
971 1713 1062 1780 Hanc
1080 1715 1259 1798 desipienti

142 1801 307 1868 licentiam
318 1817 375 1864 suo
390 1797 452 1862 sibi
467 1798 538 1861 iure
555 1797 693 1863 vindicet
708 1799 873 1870 revolutio.
1123 1879 1127 1888 Ι

231 1889 325 1956 xlll.
342 1885 562 1954 Resolutionis
573 1885 635 1952 duo
647 1888 878 1970 suntdogmats
889 1888 1149 1958 fundamentalia:
1162 1894 1194 1959 1.
1208 1894 1258 1960 iu-

4 1987 11 2030 l
139 1997 176 2044 ra
189 1996 271 2064 quae
286 1979 434 2044 dicuntur
449 1973 619 2050 Ecclesiae,
636 1982 784 2060 usurpata
797 1982 871 2045 suut
886 1977 921 2042 in
935 1979 1125 2061 imperinm:
1137 1982 1171 2047 2.
1185 1981 1258 2050 iura

138 2085 220 2154 quse
234 2066 385 2150 principis
399 2065 548 2131 dicuntur
563 2064 610 2128 vel
625 2064 771 2147 imperii,
790 2073 936 2151 usurpata
950 2072 1024 2133 sunt
1040 2068 1074 2132 in
1089 2072 1253 2153 populum.

8 2168 10 2185 ¹
138 2157 304 2238 Principes
313 2155 417 2239 primo
426 2152 635 2218 revolutionis
645 2154 812 2231 axiomati,
825 2156 1196 2240 nimisiuieliciipsorum
1209 2161 1256 2226 ia·

138 2250 175 2312 to
189 2248 400 2313 assenserunt:
417 2241 552 2326 indeque
565 2241 637 2307 sine
651 2243 715 2310 tine
730 2245 974 2328 compelluntur,
987 2251 1026 2312 ut
1035 2247 1188 2336 quidquid
1203 2251 1253 2316 illi

137 2335 298 2403 Ecclesiae
316 2332 544 2407 subtraxerint,
561 2331 596 2396 in
620 2331 827 2398 revolutionis
846 2335 961 2401 cedant
982 2340 1185 2419 potestatem.
1202 2339 1253 2406 En

137 2425 321 2491 mellifluam
337 2420 600 2488 admonitionem:
613 2437 630 2480 c
641 2421 656 2486 l
668 2422 799 2502 goserni
811 2422 916 2489 banno
930 2423 1037 2489 debito
1050 2425 1083 2488 di
1095 2426 1254 2508 ripigliar-

134 2514 163 2578 si
178 2514 282 2597 quelle
295 2511 380 2596 parti
391 2509 424 2575 di
437 2514 548 2591 potere
558 2509 617 2574 che
628 2508 744 2574 turono
756 2527 814 2592 per
825 2510 1017 2593 l’ignoranze
1027 2512 1079 2577 dei
1090 2515 1186 2580 secoli
1198 2515 1253 2582 ad·

135 2599 240 2669 dic'tro
254 2606 402 2684 usurpate
416 2599 468 2663 dai
481 2591 658 2671 chierici,o
673 2598 725 2682 pei
740 2598 894 2681 bisognie
910 2600 939 2664 la
950 2601 1071 2665 cultura
1086 2603 1251 2686 importet»
1317 2623 1319 2630 ⁴

136 2693 465 2776 ta‘spontaneamente
483 2686 665 2753 conceduti.
681 2686 751 2754 Tsii
771 2705 849 2754 sono
869 2688 1081 2754 l’educazione
1099 2709 1118 2756 e
1134 2691 1252 2758 l'istrtr-

133 2783 226 2846 aione
242 2777 436 2853 cittadina,il
448 2779 609 2842 conusttc
621 2776 867 2854 matrimoniale:
878 2776 902 2842 il
913 2777 1186 2861 pubblicoteriato
1197 2781 1250 2846 dei

134 2870 241 2954 giorni
256 2868 406 2936 festivi...
420 2884 438 2931 e
452 2865 551 2932 simili
567 2865 700 2930 materie
714 2863 787 2950 1).s
803 2865 959 2932 Volubilis
972 2872 1095 2947 auctor,
1113 2870 1169 2952 qui
1180 2887 1250 2934 om-
1301 2875 1326 2952 t)
1352 2880 1471 2943 aluberti
1489 2930 1497 2959 ,

135 2960 227 3026 nibus
241 2977 275 3024 se
291 2957 413 3024 vexillis
428 2955 562 3030 addixit,
579 2955 696 3038 quique
717 2955 795 3019 alias
810 2954 981 3032 Ecclesiae,
999 2957 1068 3040 plus
1083 2975 1179 3040 quam
1193 2958 1250 3024 illa
1271 2953 1408 3030 disson,
1429 2965 1495 3019 um.

133 3065 271 3133 unquam
287 3047 444 3131 petiisset,
462 3047 546 3110 ultro
562 3043 782 3127 adscripscrat,
800 3062 883 3111 nunc
905 3045 1021 3112 oblitus
1037 3052 1086 3113 est
1098 3047 1166 3113 eius
1181 3065 1249 3114 esse
1272 3027 1308 3105 ¹¹²
1324 3045 1353 3103 l·
1369 3033 1435 3093 ³⁵⁷·

133 3153 244 3219 regere
259 3134 458 3202 matrimonii
473 3133 643 3208 vinculum,
661 3133 749 3198 cuins
763 3132 825 3200 tuit
844 3133 1011 3201 instituere
1025 3139 1060 3202 et
1074 3152 1184 3217 regere
1199 3155 1249 3212 su·

133 3231 342 3300 crementum,
352 3225 411 3291 Dei
424 3239 536 3305 nempe
547 3225 580 3288 et
590 3221 762 3288 Ecclesiae.
773 3223 859 3291 Haeo
870 3223 971 3306 igitur
985 3224 1100 3292 habeat
1110 3226 1248 3310 scriptor
1290 3229 1293 3236 ’

132 3314 291 3397 quondam
305 3309 510 3378 clarissimus.
721 3353 726 3360 -
1047 3359 1066 3393 .-

221 3402 313 3468 XlV.
327 3398 530 3467 Matrimonii
545 3397 760 3475 vinculum,in
775 3416 839 3484 quo
849 3403 897 3467 est
905 3406 1086 3468 contractus
1096 3404 1245 3483 essentia,

129 3491 214 3556 Deus
228 3491 270 3554 ob
284 3489 410 3570 origine
425 3488 619 3571 principibus
630 3487 841 3564 subtraxitct
850 3489 1000 3572 religioni
1012 3491 1146 3560 addixit:
1158 3493 1246 3559 «Be-

132 3578 316 3664 nedixitque
330 3577 394 3643 iilis
410 3577 495 3642 Deus
509 3575 554 3662 2).
570 3599 588 3639 e
604 3578 689 3642 Deus
702 3573 870 3645 coniunxit
882 3582 916 3645 et
926 3579 1102 3647 benedixit:
1116 3582 1246 3664 pontid·
1284 3604 1490 3684 umgas,

131 3667 177 3733 cis
192 3674 294 3744 actus,
311 3685 375 3733 non
391 3666 593 3751 imperantis.
610 3665 694 3730 Hinc
708 3665 763 3731 illa
779 3667 872 3733 ilumt
885 3673 980 3751 atque
995 3670 1171 3753 explicatur
1185 3670 1246 3736 hu-

131 3757 218 3823 mani
233 3756 358 3843 generis
375 3756 519 3832 traditio,
536 3755 642 3821 terens
656 3772 725 3820 rem
742 3755 880 3821 maxime
893 3773 1015 3823 sacram
1030 3776 1097 3825 esse
1112 3777 1245 3844 sponso·

129 3863 201 3910 rum
216 3847 376 3929 coniugia,
394 3863 458 3912 non
474 3844 656 3928 principum
670 3849 750 3910 nutu
764 3850 820 3911 aut
830 3847 1021 3926 praesentia,
1031 3849 1086 3915 sed
1100 3851 1244 3917 sacerdo·

129 3941 196 4002 tum
212 3937 445 4020 precationibus
459 3935 641 4002 etDeorum
656 3934 787 4000 numine
800 3934 997 4003 celebranda.
1007 3941 1166 4023 augustus
1176 3939 1244 4026 ipse

130 4113 162 4156 ro
174 4097 257 4170 civili,
271 4099 426 4173 maedam
437 4099 464 4155 in
477 4095 536 4156 toro
548 4096 735 4158 ecclesiastico
747 4097 782 4156 de
795 4097 958 4157 matrimonii
971 4099 1138 4174 legitimitate
1148 4108 1242 4162 actum

128 4175 174 4230 sit.
189 4176 257 4232 Nem
271 4174 444 4248 prosequitur
456 4173 635 4232 Boebmerus:
654 4171 797 4234 «Proinde
810 4175 933 4247 quaestio
948 4175 1107 4250 principalis
1122 4175 1165 4250 (tie
1175 4193 1241 4236 sue

128 4250 262 4322 cessione)
276 4248 379 4309 tamdiu
394 4247 598 4321 suspendenda,
609 4247 698 4308 donec
711 4249 747 4307 dc
757 4265 852 4308 sousa
862 4249 1016 4309 natalium
1028 4255 1061 4310 ts
1067 4253 1138 4328 soro
1148 4251 1240 4310 eccle·

127 4329 250 4384 :tostico
262 4327 355 4395 trinit
367 4329 517 4400 cognitum
535 4345 547 4375 s
570 4323 651 4397 (Leo.
667 4325 727 4394 cit,
741 4330 759 4392 ς
772 4325 836 4397 25).
853 4327 880 4382 ³.
896 4325 1097 4383 llatrimonium
1112 4325 1238 4404 religiosa

126 4402 218 4460 adbuc
227 4401 444 4475 consecratione,
456 4409 550 4458 coram
559 4397 692 4458 ecclesiae
703 4415 769 4459 suae
779 4399 921 4474 ministris,
935 4401 1031 4459 ineunt
1040 4407 1235 4476 protestantes,

126 4479 281 4551 resistente,
297 4492 348 4551 pro
361 4475 503 4536 effectibus
516 4474 650 4550 civilibus,
664 4475 793 4553 officiale
806 4475 887 4534 civili.
904 4477 978 4534 Erec
993 4491 1047 4534 non
1057 4479 1179 4537 reiioient
1189 4477 1237 4538 ca·

126 4553 227 4630 tbolici,
243 4556 293 4614 nisi
307 4557 335 4614 in
348 4554 487 4630 politicum
500 4549 664 4614 stbaismuns
677 4554 721 4613 sel
735 4551 967 4614 volterisnismurn
981 4553 1063 4614 dilabi
1077 4554 1170 4614 velint.
