3222 5282
559 275 766 330 rrrunnsvu.
1136 261 1178 328 ta

102 428 257 500 humana,
271 423 356 492 ratio
372 422 457 490 illius
471 423 556 508 pacti
573 423 673 492 adhm
687 428 770 493 esset
784 421 962 510 quaerenda
977 427 1068 492 extra
1083 423 1224 493 hominis

103 515 278 589 rationem,
295 518 329 579 et
343 513 562 580 universorum
576 514 774 581 societatem.
805 547 808 554 ·

192 605 253 671 Vl.
269 602 414 669 Tertium
429 607 511 679 erat,
528 607 565 668 ut
580 605 632 669 lex
646 603 770 669 entium
785 605 932 668 naturam
947 601 1155 678 constituens,
1170 621 1225 668 ea-

102 694 250 760 rumdem
261 696 393 758 naturae
404 696 571 774 congruat:
586 710 661 774 ergo
673 691 803 777 physica
816 690 966 775 physicis,
986 691 1157 766 moralibus
1170 708 1226 757 au-
1280 706 1282 710 ·

101 788 169 849 tem
186 780 328 848 moralis.
346 781 447 868 Atqui
461 781 585 847 entium
597 782 768 846 moralium
778 781 924 846 collectio
943 785 980 847 et·
996 781 1158 847 convietus
1177 787 1225 848 est

102 870 272 938 hominum
286 869 432 936 societas.
448 871 637 945 Enimvero,
651 871 801 936 facultate
814 870 936 952 pollent
951 870 1096 936 homines
1110 871 1224 936 banaa

102 961 196 1026 malis
219 959 387 1042 seligendi,
405 959 589 1041 appetendi,
606 959 704 1025 libere
719 959 869 1042 eligendi:
886 977 967 1044 quae
981 960 1046 1026 tria
1059 958 1225 1024 hominem

101 1050 302 1116 constituunt
317 1065 392 1113 suae
406 1049 539 1114 actionis
555 1054 730 1125 auctorem,
749 1065 883 1130 eumque
898 1049 1023 1115 entibus
1039 1048 1223 1124 moralibus,

101 1140 168 1206 sive
184 1139 225 1203 ad
239 1139 432 1222 aequitatem
448 1138 598 1213 conditis,
610 1143 643 1203 et
653 1137 788 1221 praemii
800 1137 849 1204 vel
861 1155 984 1220 poenae
994 1136 1157 1213 subiectis,
1171 1139 1226 1202 ad-

101 1228 247 1293 scribunt
257 1226 401 1308 ltssrgo,
411 1225 520 1291 sisere
533 1227 656 1293 entium
665 1228 834 1296 lexeorum
842 1227 985 1308 sequitur
994 1231 1152 1302 naturam,
1161 1243 1226 1292 uon

104 1318 156 1382 lex
166 1315 300 1400 physica
314 1316 380 1380 sive
392 1317 582 1406 necessitatis
591 1315 645 1386 ruti
657 1315 833 1391 arboribus,
845 1317 893 1380 vel
904 1316 1070 1383 instinctui
1085 1315 1225 1381 subiecta

103 1404 153 1473 uti
169 1405 272 1470 brutis
287 1404 516 1480 animantibus,
530 1404 739 1486 sedmoralis,
753 1403 835 1470 idest
848 1404 1011 1480 libertatis,
1024 1405 1179 1469 honorum
1190 1422 1227 1469 ae

103 1496 261 1560 malorum
276 1493 356 1558 flues
370 1493 556 1570 decernens,
571 1494 769 1560 intellectum
783 1492 980 1568 illuminans,
991 1492 1162 1576 imperans,
1174 1513 1228 1558 vo-

106 1586 263 1649 luntatem
279 1581 433 1657 alliciens,
459 1601 618 1649 assensum
634 1593 767 1648 exorans
780 1582 835 1647 sed
850 1599 915 1646 uon
932 1586 1137 1663 extorquens,
1159 1588 1228 1648 erat

105 1671 288 1738 hominibus
303 1671 565 1757 praescribenda(
585 1669 608 1757 ).
623 1669 693 1750 Qua
711 1672 779 1753 lege
791 1670 836 1736 ita
848 1669 1016 1735 hominum
1031 1670 1166 1736 societas
1177 1689 1229 1736 or·

105 1762 216 1826 dinata
230 1765 292 1837 est,
318 1764 354 1826 ut
369 1777 449 1843 quae
465 1761 573 1826 ordini
588 1761 730 1826 absolute
753 1759 928 1826 necessaria
942 1759 1021 1836 sint,
1046 1759 1226 1836 iubeantur;

105 1850 230 1932 reliqua
245 1867 319 1914 vero
334 1849 377 1914 in.
386 1850 493 1914 medio
509 1851 743 1933 relinquantur.
827 1869 830 1876 ¹

194 1938 272 2004 Vll.
290 1937 479 2005 Huiusmodi
494 1940 558 2015 lex,
577 1957 641 2004 uon
657 1938 696 2002 ah
711 1937 854 2014 homine,
880 1956 945 2003 non
961 1955 980 2002 a
995 1937 1159 2013 societate,
1175 1937 1230 2002 sed

107 2045 266 2094 asumma
282 2027 379 2092 edissa
394 2027 584 2108 legislatore,
601 2029 763 2109 imperans
777 2045 842 2092 non
858 2044 987 2109 cogens,
1012 2045 1121 2110 omnes
1136 2027 1231 2092 intel·

106 2117 206 2183 lectus
222 2117 333 2182 eodem
348 2116 469 2182 lumine
485 2115 635 2190 illustrat,
650 2134 760 2181 omnes
774 2115 954 2183 voluntates
968 2117 1002 2180 in
1014 2117 1100 2181 idem
1111 2117 1230 2182 honum

106 2206 280 2279 convertit,
304 2223 414 2270 omnes
429 2205 551 2269 animas
566 2205 677 2270 eadem
692 2207 838 2288 obsignat
853 2203 1004 2286 imagine:
1023 2223 1100 2286 ergo
1120 2223 1230 2270 omnes

32 2361 36 2367 ,
107 2293 234 2377 colligit
246 2294 280 2359 in
296 2294 483 2360 societatem
498 2300 642 2370 naturae,
659 2294 743 2360 vitae
757 2299 791 2359 et
805 2293 1180 2369 consuetudinis,addita,
1190 2296 1229 2359 ad

107 2384 266 2450 maiorem
281 2381 442 2448 societatis
453 2381 641 2449 suavitatem
654 2400 689 2448 ac
701 2383 888 2449 firmitatem
896 2383 1229 2465 sanguiniscognatio-

109 2491 150 2538 ne
170 2477 266 2554 atque
281 2470 418 2536 unitate.
438 2471 500 2538 llic
516 2471 577 2535 alia
591 2470 708 2553 incipit
722 2471 918 2548 coniunctio,
936 2489 1016 2554 quae
1037 2472 1070 2537 in
1087 2487 1229 2538 amorem

108 2577 272 2634 conversa,
282 2578 323 2626 ex
334 2559 450 2641 frigida
465 2559 583 2626 mentis
599 2561 741 2642 regione,
760 2566 885 2627 actuosa
897 2565 930 2626 et
941 2561 1076 2636 lervens,
1090 2559 1230 2626 illabitur

110 2651 143 2715 in
156 2649 366 2716 voluntatem.
375 2647 485 2716 Mente
497 2647 596 2730 igitur
610 2654 643 2715 et
658 2649 820 2717 voluntate
836 2649 923 2715 entia
937 2647 1072 2718 moralia
1087 2649 1165 2713 inse
1180 2649 1232 2714 in·

110 2739 213 2805 vicem
228 2737 435 2802 inclinantur:
446 2738 591 2820 quodque
604 2737 640 2807 in
656 2737 795 2824 physicis
804 2740 900 2805 efficit
911 2739 1067 2815 cohaesio,
1080 2742 1141 2822 qu'a
1156 2753 1230 2818 par-

111 2826 230 2894 ticulae
240 2825 410 2910 particulas
419 2827 584 2909 appetunt,
595 2826 702 2908 eisque
716 2827 950 2904 consociantur,
963 2827 997 2891 id
1011 2827 1231 2893 inmornlihus

111 2915 210 2982 efficit
226 2931 327 2980 amor.
341 2917 460 2985 Amore
476 2915 584 2996 itaque
599 2917 706 2981 omnia
722 2917 821 2990 entia,
835 2933 915 2998 quae
935 2916 1077 2992 eamdem
1098 2915 1231 2998 partici-

110 3009 189 3088 pant
201 3007 360 3078 naturam,
374 3002 424 3068 vel
441 3003 582 3068 eiusdem
598 3008 729 3070 naturae
743 3004 1000 3081 similitudinem,
1017 3006 1076 3070 sihi
1094 3005 1229 3070 invicem

110 3093 314 3179 copulantur.
325 3091 426 3176 Atqui
441 3093 476 3158 in
491 3091 636 3160 omuibus
647 3093 827 3162 homiuihm
840 3094 950 3162 eadem
961 3094 1100 3168 oceumit
1116 3098 1228 3159 natura

190 3328 230 3404 (a)
241 3330 308 3388 Cum
319 3329 459 3403 quodlibet
469 3329 525 3388 iera
538 3313 678 3389 saeculum
691 3348 739 3390 sua
752 3331 898 3391 comitetur
911 3333 1008 3390 mentis
1021 3310 1158 3390 infirmiu‘s
1179 3333 1231 3390 ha-

112 3407 214 3465 minem
228 3409 271 3480 agi
287 3407 395 3482 physica
409 3407 432 3463 vi
445 3406 488 3464 vel
502 3406 562 3481 lege
575 3413 606 3472 ut
618 3409 770 3482 machinae,
786 3408 826 3466 rel
842 3407 901 3481 lege
915 3407 1079 3477 instinctiva,
1094 3425 1148 3464 non
1162 3377 1230 3466 dibe-

111 3499 152 3548 τι,
165 3488 197 3540 ut
210 3482 292 3538 bruta
304 3482 462 3554 animantia,
477 3481 563 3540 altero
577 3483 700 3556 saeculo,
715 3491 777 3556 post
791 3484 933 3556 spinosam
946 3490 974 3541 et
987 3484 1161 3558 llobhesium,
1173 3491 1230 3541 tra·

110 3558 242 3616 diderunt
255 3557 336 3614 David
349 3559 446 3628 Home,
460 3557 607 3631 Helvetiae,
622 3560 719 3616 Petrus
731 3560 821 3636 Bagle,
836 3559 982 3633 valterius,
997 3559 1108 3628 Gallius,
1123 3561 1159 3617 La
1173 3561 1231 3617 lle-
1327 3575 1329 3580 ’

109 3635 162 3694 trie
173 3632 297 3693 libellum
308 3632 766 3701 inscribensi'Hammemachiae·
775 3635 886 3709 aliique.
899 3633 1018 3707 ignobile
1030 3651 1096 3692 saue
1109 3643 1137 3692 et
1150 3637 1232 3707 phre-

111 3712 431 3785 ueticorumcertanren,
445 3725 511 3782 quo,
527 3715 556 3766 nt
568 3709 648 3765 homo
662 3709 695 3767 ad
709 3709 852 3768 brutorum
865 3711 961 3783 gaudia
977 3709 1159 3784 deliciaretur,
1175 3713 1232 3783 pri·

111 3803 155 3843 mo
169 3784 206 3843 ad
219 3783 362 3841 brutorum
384 3783 568 3856 stupiditatem
587 3784 771 3843 deliciabatur.
792 3786 953 3844 Evanuissel
976 3787 1055 3859 plane
1068 3786 1153 3844 delira
1165 3789 1233 3845 haec

110 3859 355 3934 philosophin,‘nisi
365 3858 393 3915 in
406 3858 573 3918 medicorum
585 3862 879 3934 castraserecepisset,
894 3877 1010 3934 quorum
1026 3863 1157 3934 nonnulli,
1170 3879 1233 3920 eor·

109 3952 177 4009 pora
192 3941 407 4008 pertractantes,
421 3942 539 3992 mentem
550 3941 578 3992 et
588 3937 711 4006 spiritum
726 3939 886 3994 amiserant.
899 3937 1058 4009 cerebrum,
1070 3941 1155 4010 aiunt,
1168 3940 1234 4013 phy·

110 4015 184 4071 sicas
199 4009 372 4068 sensationes
386 4009 528 4067 elaborans
540 4010 584 4068 vel
594 4009 734 4086 digerens,
747 4012 807 4070 illas
819 4013 952 4071 convertit
967 4014 993 4070 in
1007 4013 1092 4086 ideas,
1104 4014 1235 4086 quemad·

111 4087 225 4145 modum
240 4101 275 4143 ex
287 4086 394 4157 ingesta
407 4085 467 4142 cibo
480 4085 521 4144 vel
536 4093 600 4162 potu
614 4089 724 4160 sanguis
738 4088 853 4146 elicitur.
874 4087 937 4162 dlii,
953 4089 998 4161 qui
1009 4087 1181 4164 phrenataqt
1194 4089 1235 4145 dl·

110 4171 225 4235 cuntur,
236 4177 301 4220 eum
314 4160 374 4218 Gall
385 4167 412 4218 et
421 4161 572 4235 Broussels,
584 4169 625 4222 tot
635 4165 852 4234 protuberantias
862 4164 889 4220 in
899 4165 1013 4222 cerebro
1026 4163 1161 4237 eduliunt,
1169 4171 1234 4237 quat

109 4238 270 4296 affectiones
290 4236 335 4293 vel
347 4236 497 4308 passiones,
513 4238 611 4313 quihus
625 4240 737 4298 virtutes
753 4246 782 4298 et
794 4240 856 4297 vitia
868 4241 1021 4299 necessario
1037 4247 1234 4312 ‚procreantem

110 4315 216 4389 Ubique
232 4313 276 4368 lex
290 4313 410 4388 physica,
431 4313 525 4370 nullibi
539 4314 659 4372 libertas.
684 4316 835 4387 Sapientior
846 4314 1003 4372 doctoribus
1015 4316 1068 4391 his,
1089 4314 1237 4388 respondet

111 4390 244 4462 popalus:
260 4387 459 4460 inclinationem
473 4389 637 4463 quandoque
651 4405 684 4447 ex
699 4405 824 4462 corpore,
840 4389 955 4464 eligendi
969 4391 1033 4465 vim,
1051 4397 1131 4465 atque
1151 4389 1238 4460 impe-

114 4467 186 4522 rium
200 4478 313 4534 semper
326 4479 388 4521 esse
403 4463 429 4520 in
443 4465 594 4523 voluntate.
610 4465 762 4523 blaterialas
775 4473 867 4524 autern
880 4468 1049 4527 consutiones
1064 4467 1088 4526 iu
1098 4459 1175 4525 'ideas
1194 4463 1237 4520 di·

115 4543 182 4615 geri,
198 4540 281 4599 nimis
295 4539 398 4612 puerile
412 4546 466 4616 est,
482 4555 564 4616 quam
579 4547 608 4598 ut
622 4541 803 4600 confutatione
818 4541 944 4615 indigeat.
989 4591 990 4597 ,
