3224 5282
553 358 761 430 rrrnanstnn.
976 413 980 424 ¹
1128 335 1172 404 91

94 499 170 582 plaia
186 502 222 566 in
242 500 516 574 christianismum
537 503 709 588 irrepsisse:
727 506 866 590 adeoque
889 509 954 570 tam
968 519 1035 568 esse
1057 501 1117 567 Dei
1141 521 1218 585 opus

94 583 195 654 Pauli
210 591 403 666 vocationem
418 609 514 675 quam
529 593 628 660 Iudae
640 594 849 676 proditionem
865 591 907 676 1).
925 589 1107 672 Zwinglius:
1134 611 1152 650 a
1174 591 1218 658 U·
1258 593 1283 664 il
1309 594 1344 650 In
1367 593 1464 664 eptae.

95 695 174 742 num
186 684 281 763 atque
291 679 376 744 idern
393 678 526 758 lacinus,
540 688 614 766 puta
626 682 815 748 adulterium
828 681 875 748 vel
887 679 1105 754 homicidium,
1120 697 1219 764 quan·
1237 665 1464 726 ‘’Wlfflin‘-

95 771 165 848 trun
180 767 243 832 Dei
258 773 307 833 est
322 769 477 846 authoris,
496 772 630 840 motoris
650 777 684 837 et
706 770 900 855 impulsoris,
922 787 1001 850 opas
1021 776 1076 846 eet,
1099 769 1218 834 crimen

97 873 163 919 non
180 864 239 934 este
253 863 404 940 qnantum
418 863 522 926 autem
539 859 680 942 hominis
695 864 754 936 est,
772 860 891 933 crimen
912 853 1178 940 manducasti).
1198 877 1216 932 rr
1256 859 1282 930 at
1300 864 1343 918 De
1359 863 1464 922 moot-

97 939 178 1008 Cum
194 950 299 1024 autem
315 964 355 1012 ex
369 947 427 1012 hac
442 945 588 1015 doctrina
612 966 748 1031 pronum
771 951 853 1014 esset
876 947 1038 1030 colligere:
1057 965 1074 1006 a
1092 944 1219 1010 lrhrdrnr
1236 934 1351 1004 macto,
1367 936 1434 1010 pt.

98 1049 175 1113 ergo
189 1032 405 1115 indulgebo...
420 1037 570 1122 quidquid
581 1055 688 1118 egero,
698 1038 765 1104 Deo
777 1040 905 1101 anctore
917 1037 967 1110 lit,
983 1038 1050 1101 »ut
1064 1033 1125 1098 sibi
1139 1033 1220 1099 obii·

98 1119 145 1184 cit
160 1121 343 1210 zwinglius,
371 1123 504 1206 ipsemet
526 1125 698 1192 concludit:
719 1125 814 1194 «Sed
838 1125 914 1190 heus
930 1121 977 1191 tul
995 1121 1087 1192 Ceste
1102 1122 1164 1188 iste
1179 1121 1219 1188 ad

98 1210 249 1291 populum
264 1220 296 1278 et
311 1211 412 1276 iarius
428 1215 526 1278 etiam
542 1211 585 1299 sl!
605 1237 622 1276 a
993 1205 997 1212 ’
1259 1205 1286 1281 ³)
1300 1206 1370 1266 ibid·

191 1299 252 1364 Xl.
268 1300 319 1364 Ab
334 1300 385 1365 his
399 1308 595 1369 recesserunt
617 1303 843 1369 Protestantes.
857 1299 1076 1370 Gmtnlemur.
1093 1299 1154 1366 Sed
1169 1317 1222 1364 ve-

101 1403 172 1450 rum
190 1394 250 1461 est,
268 1389 355 1453 nullo
366 1408 504 1473 unquam
516 1393 594 1474 pede
606 1391 689 1473 ipsos
700 1390 893 1465 constitisse,
907 1391 1100 1455 affirmantes
1109 1387 1220 1464 hodie,

103 1480 254 1558 negantes
268 1494 349 1551 cras,
367 1485 400 1545 et
416 1480 461 1544 sic
477 1480 511 1544 in
526 1481 659 1546 saecula.
677 1477 728 1546 Oh
743 1496 857 1560 magna
872 1479 1015 1562 Babylon
1030 1473 1084 1564 (all

190 1563 266 1629 XII.
287 1565 730 1648 SecundorProtestonttsmns
741 1576 871 1649 eseopas
882 1567 1056 1642 hominnm:
1067 1583 1139 1650 ergo
1154 1584 1221 1632 non

103 1659 147 1714 est
162 1655 279 1718 accitas
293 1657 415 1722 divina.

157 1807 162 1818 ,
192 1742 734 1812 X111.Auct0resnovimus:nulla
756 1744 790 1809 in
814 1742 889 1826 ipsis
911 1742 1037 1808 divinae
1059 1741 1221 1808 missionis

101 1827 203 1911 signa;
221 1850 365 1913 perversa
380 1834 502 1900 indoles
517 1853 554 1902 ac
569 1838 645 1903 vita.
662 1834 819 1900 Lntherns
834 1833 1048 1898 insurrexerat
1063 1831 1097 1896 in
1111 1831 1221 1898 Eccle-
1273 1881 1278 1893 .

101 1918 195 1995 siam,
214 1926 250 1986 ut
266 1921 436 1988 monachus
460 1925 538 2007 ipse,
557 1923 730 1990 monialem
745 1922 806 1988 sibi
822 1919 1028 1994 matrimonio
1042 1921 1218 2002 copularet.

100 2006 259 2072 Votorum
275 2011 475 2077 sanctitatem
488 2012 724 2086 obiicientibus,
734 2009 955 2094 respondebat:
970 2030 988 2069 n
1001 2009 1051 2078 Ex
1067 2014 1155 2092 patre
1167 2027 1222 2074 vo·

100 2095 348 2165 tissanctilicato
360 2105 502 2170 etmatrc
514 2099 875 2184 itemsenctiticeta,lilii
887 2104 1074 2163 enascantur
1089 2097 1222 2164 sanctis·
1239 2121 1243 2125 ·

99 2184 187 2250 simi.
205 2209 222 2248 a
240 2186 318 2268 lnele
334 2188 427 2264 nihil,
444 2189 503 2256 hoc
520 2190 674 2256 monacho
691 2189 833 2272 periuro,
852 2187 974 2253 loedins
989 2204 1025 2269 ac
1041 2187 1144 2252 vilius.
1155 2193 1222 2252 hu·

97 2281 169 2338 ctor
183 2276 353 2356 anglicani
369 2277 558 2355 schismatis,
568 2280 723 2346 Hearicus
735 2277 826 2353 Vlll,
837 2277 951 2352 librum
962 2275 1013 2341 cui
1027 2274 1150 2342 titulus:
1159 2273 1220 2340 De-

99 2362 204 2445 fensio
219 2373 332 2444 septem
349 2363 624 2434 Sacramemoram
638 2367 674 2446 ia
689 2367 868 2433 Martinam
882 2364 1063 2440 Lntherum,
1083 2383 1139 2430 sno
1162 2380 1221 2428 no·

99 2450 201 2530 mine,
219 2451 348 2522 Summo
363 2455 514 2522 Pontifici
529 2455 698 2530 obtulerat,
715 2460 752 2520 ut
765 2453 938 2537 defensoris
948 2454 1018 2538 fidet
1029 2468 1220 2535 cognomen·

99 2545 135 2604 to
157 2538 392 2608 honestaretur.
410 2544 470 2610 Sed
484 2563 557 2610 cum
572 2545 657 2628 turpi
672 2547 785 2609 Annae
806 2543 945 2608 Balenae
967 2558 1074 2607 amore
1095 2539 1220 2628 deperi-

99 2634 163 2703 ret,
174 2628 351 2700 Lntherum
362 2630 519 2710 imitatus,
534 2635 573 2698 ab
584 2634 723 2698 Ecclesia
734 2633 888 2710 discessit,
901 2635 995 2696 Anna
1006 2631 1118 2718 quinto
1130 2648 1220 2698 men·

98 2735 133 2782 se
148 2717 315 2814 decollata,
333 2721 421 2788 ducit
433 2721 589 2788 loannem
605 2721 800 2807 Sermeram
821 2737 858 2786 ac
880 2719 974 2804 paulo
995 2725 1078 2806 post,
1096 2725 1224 2802 Annam

178 2912 220 2988 lat
234 2915 447 2976 Proteatantium
465 2922 660 2992 narratores,
681 2934 737 2978 nno
755 2919 790 2976 eh
808 2918 871 2978 hinc
890 2916 999 2976 saeculo
1018 2933 1083 2976 cum
1100 2916 1222 2990 dimidio,

101 3005 172 3063 quae
185 3007 273 3063 usque
287 2992 341 3050 trac
354 2993 452 3050 deinde
465 2995 588 3065 ampliori
601 3000 783 3052 excreverant
800 2993 995 3062 foecunditate,
1010 2994 1064 3050 iam
1076 2994 1224 3068 collegerat

100 3067 260 3123 Bossaetus.
277 3068 431 3126 immortale
443 3085 511 3140 opus
523 3069 590 3129 haec
606 3071 818 3128 Variutionam
831 3069 969 3142 distorta,
986 3068 1146 3126 fidelissimis
1160 3085 1224 3125 nar·

100 3141 262 3214 rationibus,
278 3149 306 3199 et
320 3143 402 3199 firmis
415 3159 448 3201 ac
460 3145 563 3215 pressis
576 3145 850 3218 argumentationibus
864 3145 1002 3201 invictum.
1016 3145 1092 3200 lianc
1107 3142 1223 3216 diligen·

101 3223 146 3274 tar
160 3216 354 3293 perpendenti,
369 3235 454 3276 annm
473 3219 637 3293 relinquitur
654 3221 794 3294 effugium:
809 3219 852 3277 rel
870 3218 906 3276 ad
924 3215 1118 3275 catholicomm
1133 3216 1175 3274 rel
1188 3220 1223 3277 ad

102 3293 305 3350 incredulorum
318 3303 411 3351 castra
424 3297 617 3369 commigram.
633 3295 777 3354 (libbonius
789 3311 850 3353 earn
864 3294 1018 3366 perlegerat
1037 3309 1053 3350 a
1072 3294 1220 3366 iuventute,

102 3369 221 3440 indeque
234 3383 267 3424 es
282 3375 451 3440 protestante
464 3371 614 3430 catholicus
628 3372 715 3430 lactas
728 3379 781 3429 est.
838 3376 983 3430 amantem
993 3377 1087 3441 postea
1099 3385 1115 3426 a
1129 3370 1223 3428 catho-

102 3441 162 3500 licis
175 3443 342 3518 discederet,
357 3462 410 3502 non
424 3447 551 3504 rediitad
568 3453 764 3518 protestantes,
773 3462 802 3504 se
835 3442 989 3504 incredulus
1002 3446 1096 3502 erasit.
1106 3444 1148 3501 lin
1165 3446 1224 3502 eius

102 3518 195 3575 rerba:
215 3541 228 3570 a
245 3521 277 3576 ln
293 3523 505 3582 Vartottonam
525 3522 661 3590 historia,
675 3538 728 3596 qua
740 3523 887 3580 Bossuetus
905 3520 1011 3578 fortiter
1031 3536 1064 3578 ac
1082 3521 1223 3590 sapienter

102 3595 287 3651 Protestantes
300 3595 469 3670 aggreditur,
480 3595 634 3654 felicissima
648 3597 778 3654 ratiocinii
791 3603 818 3652 et
832 3595 992 3652 narrationis
1012 3597 1221 3668 consociatione,

103 3670 225 3740 priorum
239 3670 445 3728 reformatorum
459 3687 578 3740 errores,
593 3672 794 3744 fluctuationes,
807 3670 1033 3728 contradictiones
1043 3670 1223 3744 demonstrat,

104 3759 219 3818 quorum
230 3746 400 3821 variationes,
410 3754 440 3804 nt
452 3748 510 3818 ipse
520 3754 594 3805 recte
606 3747 754 3820 concludit,
766 3747 920 3820 signasnnt
929 3745 1064 3809 falsitatis:
1073 3744 1138 3804 dum
1148 3763 1225 3804 nan·

105 3836 195 3892 quom
215 3823 386 3895 interrupta
401 3823 553 3881 Catholicae
567 3823 705 3880 Ecclesiae
718 3821 817 3893 unitas,
840 3819 981 3878 infallibilis
999 3821 1121 3878 raritatis
1138 3837 1223 3895 argu-

106 3901 229 3952 mentum
241 3902 285 3953 eat
297 3913 331 3954 ac
350 3899 532 3960 testimonium
548 3921 560 3950 a
578 3899 697 3974 (tirason,
712 3891 893 3966 Memotresl
908 3897 991 3954 Recte
1006 3895 1126 3969 quidem,
1141 3913 1225 3970 quarn

107 3969 131 4026 in
144 3971 288 4044 religione,
303 3972 414 4031 historia
426 3978 641 4046 variationem,
656 3973 766 4030 historia
781 3974 816 4029 sit
828 3987 974 4031 errorum:
994 3987 1059 4030 uam
1077 3971 1184 4035 caelum
1199 3979 1226 4027 et

106 4050 177 4104 terra
190 4048 360 4120 transibunt,
383 4047 463 4106 verba
476 4056 567 4106 autem
580 4049 626 4107 llei
639 4064 692 4105 non
706 4045 902 4120 praeteribunt.
1203 4045 1206 4052 '

178 4123 394 4181 protestantium
409 4126 561 4182 testimonia
574 4125 759 4182 confitentium
773 4124 825 4182 ianr
840 4122 943 4180 nnllam
954 4122 1012 4180 dari
1022 4121 1141 4180 medinm
1155 4123 1226 4180 inter

108 4195 339 4257 Christianismum
353 4199 495 4272 positivum
509 4206 537 4256 et
550 4199 709 4256 historicum
729 4201 785 4256 sire
804 4196 1039 4271 Catholicisnrum,
1054 4205 1083 4254 et
1096 4196 1227 4254 incredu-

107 4269 225 4348 llsmnm,
235 4272 270 4330 ad
283 4288 365 4345 quens
378 4274 490 4332 tandem
504 4276 621 4332 retertur
634 4274 856 4333 christianismus
869 4274 989 4345 lictitius,
999 4273 1054 4329 sive
1067 4274 1228 4330 Protestan·

108 4347 213 4419 tismns,
229 4349 336 4422 attingit
349 4351 517 4426 augustinns
526 4350 644 4410 Theiner
657 4351 682 4408 in
695 4350 776 4407 libro:
786 4347 873 4408 Delta
882 4345 1086 4408 lntr'odaalone
1099 4347 1147 4406 del
1156 4363 1227 4422 pro·
1281 4387 1283 4392 -

107 4425 292 4482 testonttsmo
311 4427 343 4482 in
360 4425 464 4492 amsa,
477 4432 596 4485 tornata
606 4442 662 4502 per
676 4423 798 4496 lemene
817 4422 973 4483 de'nooelle'
986 4421 1136 4482 banddort
1148 4422 1227 4478 d'er·

108 4513 170 4554 rore
184 4498 264 4632 ¹argelle
283 4507 393 4560 recenti
412 4508 603 4575 complantare
621 4500 654 4560 di
674 4505 777 4562 Roma.
798 4503 898 4577 aona,
920 4515 1016 4572 presso
1036 4500 1093 4555 Giu.
1119 4496 1227 4567 spitho-

110 4586 165 4645 ver,
221 4579 267 4632 50.
