3228 5280
434 288 500 360 222
868 305 1027 360 umnam.

390 455 492 536 deque
506 453 687 522 resistentia
701 454 828 539 regibus
841 454 1031 530 exbibenda,
1047 453 1228 538 tyrannidis
1243 452 1389 537 exempla
1405 452 1442 519 in
1460 471 1516 538 po-

391 543 474 624 pulis
489 547 523 607 et
538 543 750 610 nationalibus
764 545 907 614 comitiis
928 544 1126 617 inclaruisse,
1142 542 1361 625 potiusquam
1377 544 1415 608 in
1432 547 1517 626 regi-

391 631 461 696 bus.
471 628 600 696 Carolus
610 633 638 708 l,
648 634 783 716 Angliae
794 653 863 709 rex,
873 632 1014 698 comitiis
1025 627 1252 700 etCromvvello
1263 633 1450 714 agentibus,
1461 635 1517 697 ob-

391 719 596 785 truncabatur
611 738 694 785 anno
713 720 811 788 1649.
829 722 983 803 Quisnam
999 727 1163 805 tyrannus,
1182 738 1239 785 rex
1254 738 1306 795 ne,
1321 736 1366 784 an
1379 723 1516 787 comitia

390 812 425 874 et
438 806 656 874 Cremwellus?
671 812 796 896 Martyr
807 811 1011 877 occumbebat
1025 809 1201 874 Ludovicas
1216 809 1305 874 xvi.
1320 809 1396 892 lpse
1408 829 1451 875 ne
1467 817 1516 898 ty-

391 912 521 970 rannus,
538 914 578 962 an
596 897 705 979 tigres,
721 918 802 985 quae
817 901 885 966 eius
899 899 1053 981 sangnine
1069 897 1332 963 oblectabantur?

482 985 560 1051 XX.
578 985 656 1066 Quis
672 987 746 1051 inde
761 989 893 1064 tructus,
911 988 961 1053 vel
976 988 1105 1054 libertas
1118 985 1329 1069 populorum?
1344 985 1515 1054 Britannia

392 1071 571 1140 Cromvrelli
585 1076 808 1158 superbissime
822 1076 992 1161 tyrannide
1003 1075 1171 1160 premitur:
1185 1074 1291 1141 Gallia
1306 1074 1452 1140 ferarum
1464 1095 1517 1158 ag-

394 1162 481 1226 mine
494 1162 659 1229 laceratur.
674 1165 758 1231 Vere
772 1165 905 1230 dictum:
914 1163 968 1228 ubi
982 1165 1069 1245 regia
1079 1164 1168 1228 sedes
1179 1164 1345 1238 evertitur,
1364 1166 1516 1246 panditur

394 1251 532 1336 abyssus,
549 1252 688 1319 lacrimis
702 1259 736 1320 et
750 1254 903 1335 sanguine
918 1253 1078 1334 implenda
1094 1251 1296 1336 populorum.

482 1340 576 1406 xxi.
593 1341 704 1407 Otiosa
716 1342 817 1423 igitur
831 1342 973 1424 quaestio
985 1341 1024 1406 de
1035 1341 1192 1407 abstracto
1205 1341 1286 1416 iure,
1299 1340 1377 1404 dnm
1388 1341 1516 1407 inraci-

394 1427 469 1492 vilia
484 1436 517 1494 et
532 1430 662 1495 socialia
678 1449 837 1514 nunquam
852 1431 922 1496 sine
937 1429 1029 1495 iactis
1044 1433 1264 1495 exerceantur.
1282 1450 1301 1490 a
1318 1427 1453 1495 Clodius
1467 1445 1515 1496 ac·

394 1520 483 1582 cusat
497 1518 656 1597 moechos,
671 1519 805 1587 Catilina
813 1519 999 1602 Cethegum.
1013 1541 1030 1580 u
1043 1519 1178 1587 Duriora
1189 1518 1255 1584 sint
1266 1517 1301 1581 in
1316 1519 1513 1602 principatu:

395 1613 638 1687 exaggerantur.
648 1608 831 1675 Nullasint:
847 1609 924 1672 inlsa
936 1607 1171 1688 excogitantur.
1182 1607 1265 1673 Vera
1276 1607 1304 1670 si
1315 1607 1440 1683 adsint,
1452 1610 1515 1675 vio·

395 1695 498 1760 lenter
513 1699 631 1761 nodum
642 1702 726 1763 secet
736 1697 938 1762 insurrectio:
953 1701 1030 1760 tunc
1042 1714 1104 1762 non
1115 1696 1269 1771 omnium,
1284 1696 1513 1779 conplurium,

395 1791 432 1848 ut
444 1783 506 1848 sibi
521 1786 772 1861 blandiebantur,
788 1785 844 1850 scd
858 1802 1027 1868 paucomm
1039 1783 1102 1849 erit
1115 1785 1298 1867 imperium.
1319 1785 1514 1851 lnsurrectio

395 1879 504 1939 autem
518 1892 590 1939 cum
601 1875 644 1940 sit
654 1875 721 1956 ipsa
737 1875 795 1949 vis,
808 1873 1007 1939 audacissimi
1024 1871 1179 1954 arripient
1190 1873 1417 1957 principatum:
1427 1875 1515 1938 cuius

394 1961 458 2026 vita
473 1966 568 2044 atque
578 1964 693 2038 exitus,
703 1968 819 2028 terror.
829 1965 917 2029 Duae
928 1961 1086 2044 siquidem
1097 1967 1170 2027 sunt
1180 1961 1358 2045 imperandi
1372 1962 1459 2026 viae:
1474 1964 1515 2027 le·

393 2049 542 2131 gitimum
559 2053 620 2126 ius,
638 2057 692 2116 aut
706 2052 931 2133 despotismus.
945 2050 1026 2116 lllnd
1038 2050 1284 2116 insurrectiones
1298 2050 1397 2132 fugit.
1409 2051 1513 2134 lmpe-

393 2138 443 2202 ria
458 2138 557 2219 igitur
576 2140 734 2223 rapientes
749 2159 813 2204 non
829 2141 885 2204 illa
900 2144 1036 2206 exornat
1055 2139 1269 2221 legitimitatis
1291 2138 1435 2214 aureola,
1453 2159 1511 2222 qua

393 2226 516 2307 fulgens
529 2227 754 2312 imperantium
765 2231 912 2294 maiestas
922 2227 1046 2316 animos
1057 2229 1194 2294 suaviter
1205 2228 1307 2296 flectit
1320 2229 1512 2294 auctoritate

395 2320 430 2381 ct
440 2316 853 2399 obsequio.Eeontra,iure
864 2317 1105 2382 insurrectionis
1115 2317 1301 2392 constituto,
1312 2334 1394 2400 quae
1406 2323 1458 2382 est
1470 2318 1512 2382 lc·

322 2453 325 2456 -
396 2405 579 2486 gitimitatis
591 2410 625 2472 ct
639 2407 839 2473 auctoritatis
853 2406 1033 2489 denegatio,
1053 2405 1134 2470 nibil
1148 2407 1211 2473 erit
1223 2411 1368 2472 sanctum
1381 2407 1432 2472 vel
1444 2425 1511 2472 cer-

395 2497 463 2559 tum
475 2494 508 2557 in
521 2496 661 2560 civitate.
677 2495 748 2576 Quo
763 2496 834 2561 iure
848 2495 952 2577 prima
967 2498 1015 2559 est
1031 2501 1159 2575 peracta
1174 2495 1379 2568 insurrectio,
1397 2496 1510 2560 eodem

394 2584 608 2658 secundabat,
623 2589 656 2651 et
670 2584 826 2660 tertia‚'et
838 2590 960 2666 quarta,
971 2583 1061 2650 etsie
1073 2583 1231 2667 deinceps:
1244 2589 1281 2650 ut
1292 2602 1365 2650 vem
1375 2601 1511 2666 sequen

392 2676 682 2748 tesremoveantur‚
692 2674 747 2757 qui
759 2691 865 2738 rerum
876 2690 997 2738 summa
1009 2672 1108 2755 potiti
1118 2678 1203 2748 sunt,
1214 2675 1392 2739 necessaria
1401 2677 1511 2756 tyran-

392 2761 466 2826 nide
478 2762 736 2827 dominabuntur.
750 2761 833 2827 liinc
848 2762 1080 2828 revolutionum
1095 2760 1238 2835 historia,
1256 2762 1441 2835 infirmitas,
1459 2763 1509 2825 in-

390 2850 501 2916 linitae
516 2852 610 2932 leges,
622 2851 655 2916 in
671 2852 806 2934 optimos
821 2868 959 2935 quosque
974 2850 1162 2925 calumniae,
1176 2850 1271 2915 exilia
1283 2851 1334 2915 vel
1347 2851 1507 2934 proscrip-

390 2939 507 3004 tiones.
521 2941 606 3006 Haec
622 2939 686 3006 erit
697 2941 749 3004 lex
759 2941 965 3022 sempiterna:
980 2938 1148 3022 illegitimo
1160 2938 1394 3006 revolutionum
1406 2939 1507 3022 impe-

390 3027 450 3102 ria;
464 3048 526 3110 quo
543 3031 647 3094 minus
663 3029 804 3110 legitima
821 3029 966 3112 imperia,
981 3046 1019 3092 eo
1031 3031 1065 3093 et
1075 3027 1241 3102 debiliora:
1259 3047 1321 3111 qno
1333 3033 1442 3093 antem
1453 3029 1506 3092 de·

388 3116 516 3207 biliora,
533 3137 572 3183 eo
588 3123 621 3185 et
633 3118 784 3196 saeviora,
804 3123 839 3182 ut
853 3117 1012 3183 violentiis
1023 3116 1251 3199 conquisitum,
1264 3117 1430 3184 violentiis
1439 3135 1507 3182 ser-

388 3210 461 3270 vent
474 3208 698 3291 principatum.

393 3341 394 3348 κ
479 3297 586 3362 xxll.
604 3297 638 3364 Si
649 3296 726 3362 haec
739 3295 891 3362 naturalis
901 3300 997 3378 atque
1008 3294 1161 3361 historica
1176 3292 1448 3360 insurrectionum
1458 3295 1508 3366 iu-

389 3385 490 3458 doles‚
508 3403 663 3466 quaenam
678 3385 909 3465 insurgentium
926 3403 1015 3450 mens
1030 3389 1126 3466 utque
1141 3383 1292 3466 ingenia?
1307 3384 1395 3451 Unus
1412 3385 1507 3451 Was-

391 3474 539 3555 hington,
549 3473 652 3555 gentis
662 3492 771 3539 amore
782 3473 931 3556 percitus:
941 3474 1097 3540 ex'l'acito
1110 3472 1443 3555 reliquosdiscimusm
1453 3474 1508 3541 Li·

391 3562 495 3628 bertas
510 3567 543 3627 et
557 3564 697 3645 specioso
713 3562 842 3627 nomina
858 3566 1098 3644 praetexuntur:
1112 3578 1170 3626 nec
1185 3562 1351 3644 quisquam
1366 3562 1507 3627 alienum

391 3651 555 3716 servitium
576 3655 610 3715 et
623 3652 875 3717 dominationem
895 3651 955 3715 sibi
970 3650 1163 3733 concupivit,
1181 3656 1297 3715 utnon
1319 3650 1430 3715 eadem
1447 3651 1508 3716 ista

172 3760 194 3829 lt
203 3755 282 3827 Tac,
292 3755 371 3810 Htst.
392 3740 538 3804 vocabula
553 3746 683 3822 usurpet
696 3739 737 3824 1).
751 3741 879 3806 uldem:
896 3741 1015 3806 «Falso
1028 3739 1184 3806 libertatis
1196 3739 1382 3804 vocabulum
1397 3740 1508 3806 obten-

148 3836 193 3906 lll,
211 3831 255 3886 73.
391 3825 425 3892 di
437 3829 476 3891 ab
484 3828 600 3908 iis,qui
609 3829 760 3911 privatim
776 3830 1002 3910 degeneres,in
1012 3828 1172 3912 publicum
1180 3826 1411 3905 exitiosi3nihil
1422 3829 1504 3910 spei,

168 3925 194 3997 tl
228 3923 339 3985 Annei.
364 3965 372 3995 ,
392 3916 454 3982 nisi
471 3935 528 3999 per
541 3917 714 3983 discordias
728 3917 864 3982 habeant
875 3915 919 4001 2).
940 3939 956 3981 u
974 3918 1126 3988 Tandem:
1142 3917 1217 3984 «Ut
1233 3917 1404 4000 imperium
1419 3936 1509 3984 ever-

148 4003 196 4074 xl,
215 4001 258 4060 1⁷·
392 4009 473 4083 tant,
492 4006 671 4072 libertatem
683 4005 878 4087 praeierunt:
891 4007 919 4071 si
934 4010 1165 4088 perverterent,
1178 4023 1390 4072 uvanurnrnrr
1406 4023 1508 4072 rnsnrr

168 4105 195 4176 st
226 4103 339 4164 Annut.
363 4145 371 4178 ,
392 4112 645 4162 necannvunrun
660 4091 704 4178 3).
723 4116 740 4156 u
757 4095 807 4160 lln
823 4095 971 4176 explicite
985 4096 1035 4160 ius
1049 4096 1212 4161 resistendi
1223 4099 1316 4180 atque
1327 4097 1508 4179 aggredien-

152 4181 221 4258 xli,
236 4185 284 4241 22.
391 4187 437 4253 dt:
453 4184 504 4250 illi
519 4184 589 4248 iura
603 4183 790 4263 imperantis
805 4184 1045 4265 aggrediuntur,
1062 4184 1178 4250 deinde
1191 4184 1262 4249 iura
1276 4190 1310 4252 et
1325 4184 1508 4252 libertatem

391 4275 580 4360 populorum
595 4272 782 4354 aggressuri.
1101 4277 1104 4280 ’

482 4358 1509 4446 lllllllAErgo,concludimus,quumimperiaaiallibilibussem-

395 4474 450 4538 per
462 4454 642 4518 bominibus
656 4448 721 4536 sint
736 4451 922 4526 exercenda,
942 4470 1000 4518 nec
1015 4452 1245 4535 perfectissima
1255 4453 1324 4518 sine
1335 4453 1399 4534 ulla
1413 4453 1509 4518 malo

397 4561 466 4608 rum
482 4540 675 4610 admixtione
697 4539 869 4610 habeantur
884 4542 919 4606 in
935 4541 1137 4621 terris‚.illud
1160 4541 1223 4608 crit
1237 4541 1390 4626 sapientis
1405 4541 1509 4608 consi-
