3238 5282
437 310 504 378 m
878 327 974 378 nrnrn
988 327 1037 378 ιιι.

390 473 535 559 pluribus
557 473 731 540 universim
747 492 785 539 ea
804 475 972 556 competit.
994 474 1137 558 Cumque
1153 474 1232 538 nilsil
1246 475 1339 539 iuius
1352 474 1522 558 diguitatis

390 564 629 630 resumtis
640 563 772 644 populo,
790 564 924 646 singulis
939 569 1046 629 autern
1063 564 1145 628 nihil
1160 563 1328 648 quicquam
1341 565 1411 629 eius
1425 582 1522 629 com-

392 659 503 737 petere
517 651 631 735 possit,
639 653 790 735 quouiam
802 656 885 736 quod
894 654 1053 720 noiomo
1064 653 1523 736 cenomannorum

393 761 433 808 oe
448 761 515 820 non
526 741 661 818 ostrideo
670 745 790 808 Rector
800 742 939 810 civitatis
949 759 1044 826 supra
1055 747 1183 824 gentem
1195 741 1328 820 eminet,
1340 759 1400 806 nec
1410 742 1523 823 digni-

170 839 194 912 t)
210 838 274 896 loc.
290 837 339 894 cit.
393 830 586 896 tasalicuius
596 831 636 895 de
650 836 745 912 gente
756 851 828 898 cum
841 832 941 916 ipsius
955 831 1113 914 dignitate
1127 831 1306 914 compamri
1322 836 1429 914 potest
1438 830 1486 914 1).
1499 853 1520 894 s

392 919 428 988 si
442 923 626 986 contractus
636 919 810 1003 substantia
827 921 883 986 illa
898 925 958 994 est,
968 927 1006 986 ut
1020 921 1085 985 iam
1100 921 1178 985 nillil
1192 921 1284 984 istius
1294 921 1522 1002 corworo-

393 1010 546 1074 oaunaerit
562 1009 599 1074 in
609 1009 741 1162 ρορῖιὶο,
760 1011 799 1076 ad
814 1010 890 1094 quid
906 1015 1035 1093 pactum
1049 1008 1182 1075 sociale?
1192 1009 1298 1089 Quam
1313 1009 1408 1092 longe
1422 1010 1521 1074 absar-

394 1115 465 1164 mus
479 1113 498 1162 a
512 1100 673 1164 llousseau

168 1199 196 1275 rt
224 1203 263 1261 Le
288 1200 375 1258 Drott
484 1185 576 1253 xlv.
593 1187 677 1252 Dum
693 1205 734 1252 ex
747 1188 904 1271 Wolphio
920 1187 1059 1269 plurima
1073 1186 1234 1270 decerpsit
1244 1186 1370 1253 Wattel
1380 1185 1425 1270 2),
1443 1192 1519 1252 tan-

148 1273 375 1352 decusatim·
395 1281 462 1344 tam
476 1276 616 1359 praelert
629 1277 747 1342 mentis
763 1277 939 1352 levitatem,
952 1281 989 1341 ut
1003 1276 1237 1360 principiorum
1249 1275 1376 1341 delectu
1391 1275 1444 1340 sel
1457 1295 1518 1360 pu-

396 1384 459 1450 gna
469 1365 659 1449 Wolphium
670 1365 879 1449 ipsumlacile
889 1366 1099 1449 superaverit.
1114 1365 1200 1431 Petit
1210 1366 1265 1430 ille
1277 1365 1430 1446 graviter,
1439 1366 1517 1448 quid

396 1454 683 1540 agetprincepsqui
692 1454 1520 1539 nullamingentereligioneminvenerit.Etrespon·

396 1545 462 1610 det:
481 1564 498 1604 c
515 1543 675 1624 Quoniam
690 1544 776 1609 nulla
791 1546 912 1620 aderat,
930 1543 1019 1609 nulla
1032 1545 1064 1609 ei
1079 1544 1211 1609 iacudtas
1225 1543 1284 1608 hoe
1298 1543 1334 1607 in
1349 1560 1386 1607 re
1400 1545 1519 1609 collata

173 1631 199 1706 il
216 1631 267 1700 lb,
289 1631 336 1689 lib.
353 1629 376 1703 Ι,
398 1633 460 1699 luit
475 1629 518 1714 3).
538 1656 556 1696 n
573 1632 671 1714 Quasi
687 1651 802 1716 nempe
816 1633 982 1718 religionis
998 1633 1212 1700 instituendae
1227 1632 1359 1698 incultas
1375 1633 1521 1715 principi

151 1725 177 1781 θ,
195 1711 238 1782 12,
250 1714 278 1774 ⁸·
294 1709 358 1768 ¹³²·
397 1721 537 1804 delegari
548 1722 660 1804 possit.
672 1720 791 1788 Contra
800 1741 887 1798 vero,
899 1722 1038 1804 sialiqua
1046 1723 1141 1797 adsit,
1155 1722 1274 1787 oblitus
1282 1723 1448 1787 collataea
1463 1740 1522 1804 po-

399 1811 474 1893 pulo
485 1811 699 1888 auctoritatis,
712 1812 889 1895 principem
906 1813 1003 1878 veluti
1020 1811 1149 1878 unicum
1157 1811 1321 1892 religionis
1336 1810 1522 1876 dominato-

398 1917 467 1964 rem
482 1900 659 1966 cnnstituit:
675 1900 839 1968 «Unicum
848 1901 1112 1982 adestimperium
1118 1902 1153 1965 in
1162 1900 1303 1966 civitate:
1315 1900 1442 1964 variant
1451 1917 1521 1964 mu

399 2005 487 2064 nera,
501 1989 780 2068 sedecclesiastici,
791 1990 897 2067 duces,
907 1989 1123 2070 magistratus,
1131 2007 1242 2059 omnes
1249 1988 1449 2070 reipublicae
1455 2007 1522 2053 ser·

171 2089 198 2160 ⁴l
214 2083 266 2158 lo.¹
280 2089 305 2150 s.
314 2085 377 2143 tlt.
399 2077 501 2153 siunt,
514 2095 625 2143 omnes
633 2078 803 2163 aequaliter
814 2079 988 2162 imperanti
1000 2079 1222 2164 mancipantur
1236 2075 1281 2160 d).
1293 2102 1310 2140 s
1321 2077 1420 2143 Vides
1433 2077 1522 2143 llols-

399 2165 479 2230 besii
495 2168 744 2250 doctrinam-pro
760 2168 914 2250 religione
929 2167 1147 2234 constitutam.
1161 2166 1249 2234 Cassi
1261 2168 1339 2232 adeo
1350 2165 1521 2247 scriptoris

401 2271 459 2320 nec
474 2255 596 2322 mentio
611 2255 753 2321 habenda
768 2256 890 2331 luisset,
909 2258 971 2322 nisi
986 2256 1164 2322 otiosorum
1186 2255 1361 2338 leuiterque
1377 2256 1523 2320 erudito-

400 2361 473 2409 rum
484 2344 623 2410 solamen
636 2344 796 2420 evasisset,
807 2347 862 2429 qui
871 2347 993 2412 scilicet
1002 2345 1258 2410 iurisscientiam
1266 2345 1394 2410 essevix
1400 2345 1521 2418 sciunt,

402 2437 457 2498 aut
470 2433 681 2516 suspicantur.

468 2562 475 2572 ·
492 2523 566 2590 XV.
580 2523 679 2601 liant,
695 2541 791 2606 quum
803 2529 932 2606 pactum
942 2523 1070 2598 sociale,
1082 2522 1192 2607 populi
1199 2522 1384 2606 imperium,
1398 2521 1524 2606 aliaque

403 2611 583 2686 corollaria,
601 2610 764 2694 ipsamque
776 2613 987 2680 universalem
995 2613 1221 2696 rempublicam
1234 2612 1367 2678 summis
1377 2611 1525 2676 laudibus

401 2701 576 2776 extulisset;
600 2700 722 2766 infelici
738 2719 814 2768 sane
829 2703 916 2769 exitu
931 2701 1057 2784 regibus
1079 2702 1254 2776 blanditur,
1272 2702 1421 2775 mouens,
1440 2699 1524 2764 nulli

400 2789 451 2854 sel
460 2788 624 2873 tyrannidi
637 2790 859 2868 resistendum,
874 2793 962 2873 netas
973 2790 1128 2856 iudicium
1143 2791 1325 2856 discordans
1335 2808 1354 2855 a
1366 2789 1526 2871 principis

155 2917 156 2922 κ
175 2887 201 2955 sl
229 2884 383 2944 Elementa
401 2876 579 2960 iudicioli).
596 2878 736 2944 Nomina
752 2880 896 2947 invertit.
913 2881 1056 2948 Naturae
1069 2884 1183 2954 status,
1199 2880 1249 2944 illi
1265 2897 1329 2962 non
1350 2883 1401 2945 est
1415 2883 1525 2943 extra·

155 2961 319 3036 metaphys.
335 2964 384 3017 to·
401 2965 538 3041 socialis,
555 2965 740 3032 societatem
756 2973 970 3047 antevertens,
987 2969 1041 3036 sed
1056 2969 1111 3054 qui
1126 2968 1277 3035 hactenus
1291 2968 1407 3050 viguit,
1431 2968 1525 3032 turti-

155 3035 289 3112 reprod,
300 3035 381 3094 1798.
403 3056 448 3121 tto
459 3073 591 3132 oucuau,
610 3057 849 3132 vertendusiam
864 3059 1078 3126 iniuridicum
1091 3063 1124 3124 et
1136 3058 1282 3140 legalem,
1296 3058 1335 3122 ad
1351 3074 1448 3139 quem
1463 3057 1526 3121 sal·

403 3149 470 3211 tem
485 3143 695 3211 accedendum
710 3145 765 3212 sit.
782 3146 871 3214 Nova
886 3146 1129 3214 insurrectionis
1140 3147 1258 3224 schola,
1274 3145 1398 3224 idealis,
1413 3145 1524 3229 impli-

403 3239 486 3309 cata,
505 3235 667 3300 nebulosa.
681 3237 718 3300 ln
735 3234 876 3301 futurum
890 3243 1021 3315 statum,
1039 3253 1133 3320 quem
1150 3236 1283 3318 legalem
1296 3235 1435 3310 dixerat,
1453 3253 1524 3299 orn-

403 3341 459 3390 nes
474 3325 608 3406 eogendi
620 3330 706 3397 sunt;
725 3323 775 3389 lex
785 3325 929 3407 politica,
938 3326 1021 3396 iusta
1030 3344 1072 3391 ec
1086 3343 1117 3391 se
1132 3327 1216 3406 ipro,-
1227 3324 1395 3391 suasores
1406 3328 1524 3406 etper·

401 3431 495 3478 snnas
506 3413 567 3478 sibi
575 3413 723 3496 possidet,
733 3415 809 3495 quia
819 3415 885 3495 ipse
891 3413 1137 3480 illorconstitoit.
1149 3414 1275 3480 Astatu
1283 3412 1420 3496 quilibet
1427 3425 1521 3494 prae·

402 3502 539 3569 sumitur
554 3502 666 3581 malus,
684 3502 784 3568 donec
798 3503 1000 3569 securitatem
1011 3503 1078 3586 ipse
1089 3503 1224 3570 dederit.
1236 3501 1396 3569 Hobbesio
1412 3503 1523 3582 perni-

403 3591 534 3656 ciosior:
552 3591 608 3662 ille
622 3592 708 3656 enim
723 3593 826 3675 ponit,
837 3593 1040 3674 praeteriisse
1050 3597 1182 3658 naturae
1195 3597 1314 3657 statum
1324 3589 1393 3655 sine
1409 3588 1480 3670 lege
1491 3597 1524 3657 et

403 3681 538 3754 institia,
549 3680 637 3746 liant
648 3698 733 3755 vero,
749 3682 867 3754 adesse,
881 3681 935 3746 sed
947 3681 1161 3750 evertendum.
1176 3681 1348 3762 Utriusque
1358 3678 1434 3742 finis
1443 3695 1518 3760 pax:

404 3783 468 3850 pax
481 3774 528 3834 est
543 3768 683 3834 delectus
695 3771 907 3845 resistentiam
921 3770 974 3834 hic
987 3771 1021 3834 in
1030 3770 1170 3854 perlecta
1182 3769 1370 3852 imperantis
1380 3769 1521 3832 coactio

404 3869 447 3920 ne
461 3859 507 3922 vel
515 3859 684 3940 tyrannide
698 3859 941 3944 conquirendos
954 3859 1224 3942 qnaeplenissima
1236 3862 1285 3923 est
1294 3856 1433 3934 iustitia,
1448 3874 1520 3920 curn

404 3946 555 4028 apopulo
567 3946 794 4027 proficiscatur,
813 3948 942 4032 eiusque
958 3948 1088 4012 nomine
1100 3952 1295 4023 exerceatur;
1309 3947 1439 4029 ipsaque
1452 3951 1521 4010 tan-

404 4033 1435 4118 demeritioscosmopoliticumgenerishumaniUniversalissima
1445 4051 1521 4115 ergo

406 4122 562 4208 tyrannis,
579 4130 706 4205 pactum
723 4131 755 4192 et
770 4131 870 4193 status
885 4126 1056 4209 popularis.

495 4211 586 4278 XVI.
605 4214 642 4278 ln
654 4214 817 4281 Kantiauo
831 4219 1014 4299 systemate,
1031 4213 1186 4298 quidquid
1198 4213 1301 4280 verbis
1314 4213 1441 4285 ellernt,
1454 4227 1524 4276 cnm

407 4301 526 4367 nullum
537 4301 582 4366 sit
594 4300 795 4368 iusanatum
804 4304 1083 4379 constitutnm‚ral
1095 4303 1246 4369 hactenus
1254 4302 1289 4368 in
1300 4299 1526 4386 politiciscon-

406 4390 622 4456 iunctioribus
634 4408 826 4475 expressum,
840 4393 940 4458 sedin
957 4392 1063 4458 lutura
1083 4397 1176 4477 atque
1188 4391 1357 4458 indefinita
1373 4389 1526 4455 evolutio·

407 4497 447 4545 ne
464 4484 557 4564 atque
573 4480 704 4546 humani
721 4482 847 4562 generis
861 4482 1094 4548 constitutione
1116 4481 1358 4564 inquirendum
1375 4478 1527 4542 effrenata

339 4570 346 4578 ‘
406 4585 496 4633 mens
512 4569 599 4636 nullo
619 4569 745 4636 itineris
757 4570 847 4650 duce,
863 4571 1005 4638 idearum
1016 4587 1114 4638 uacua
1126 4571 1320 4652 ingreditur,
1334 4567 1529 4636 universam-
