<?xml version="1.0" encoding="UTF-8"?>
<!DOCTYPE html PUBLIC "-//W3C//DTD XHTML 1.0 Transitional//EN"
    "http://www.w3.org/TR/xhtml1/DTD/xhtml1-transitional.dtd">
<html xmlns="http://www.w3.org/1999/xhtml" xml:lang="en" lang="en">
 <head>
  <title>
</title>
<meta http-equiv="Content-Type" content="text/html;charset=utf-8" />
  <meta name='ocr-system' content='tesseract 3.04.00' />
  <meta name='ocr-capabilities' content='ocr_page ocr_carea ocr_par ocr_line ocrx_word'/>
</head>
<body>
  <div class='ocr_page' id='page_1' title='image "./iurisnaturaeetg01audigoog_0247.png"; bbox 0 0 3238 5282; ppageno 0'>
   <div class='ocr_carea' id='block_1_1' title="bbox 429 284 1070 385">
    <p class='ocr_par' dir='ltr' id='par_1_1' title="bbox 429 284 1070 385">
     <span class='ocr_line' id='line_1_1' title="bbox 429 284 1070 385; baseline -0.003 -33"><span class='ocrx_word' id='word_1_1' title='bbox 429 284 498 352; x_wconf 72' lang='lat'>226</span> <span class='ocrx_word' id='word_1_2' title='bbox 870 303 965 352; x_wconf 75' lang='lat' dir='ltr'>braun</span> <span class='ocrx_word' id='word_1_3' title='bbox 981 303 1016 351; x_wconf 92' lang='grc' dir='ltr'>ιι.</span> <span class='ocrx_word' id='word_1_4' title='bbox 1055 308 1070 385; x_wconf 66' lang='lat' dir='ltr'><em>J</em></span> 
     </span>
    </p>
   </div>
   <div class='ocr_carea' id='block_1_2' title="bbox 384 448 1514 804">
    <p class='ocr_par' dir='ltr' id='par_1_2' title="bbox 475 448 1514 532">
     <span class='ocr_line' id='line_1_2' title="bbox 475 448 1514 532; baseline 0.005 -16"><span class='ocrx_word' id='word_1_5' title='bbox 475 448 616 517; x_wconf 90' lang='lat' dir='ltr'>XXXll.</span> <span class='ocrx_word' id='word_1_6' title='bbox 629 448 794 528; x_wconf 83' lang='lat' dir='ltr'>¹Ceterum,</span> <span class='ocrx_word' id='word_1_7' title='bbox 819 449 885 516; x_wconf 88' lang='lat' dir='ltr'>sive</span> <span class='ocrx_word' id='word_1_8' title='bbox 900 450 1013 514; x_wconf 82' lang='lat' dir='ltr'>falsum</span> <span class='ocrx_word' id='word_1_9' title='bbox 1032 449 1102 532; x_wconf 88' lang='lat' dir='ltr'>quis</span> <span class='ocrx_word' id='word_1_10' title='bbox 1118 451 1265 532; x_wconf 85' lang='lat' dir='ltr'>proximo</span> <span class='ocrx_word' id='word_1_11' title='bbox 1280 451 1402 518; x_wconf 83' lang='lat' dir='ltr'>crimen</span> <span class='ocrx_word' id='word_1_12' title='bbox 1417 455 1514 521; x_wconf 87' lang='lat' dir='ltr'>allin-</span> 
     </span>
    </p>

    <p class='ocr_par' dir='ltr' id='par_1_3' title="bbox 384 538 1511 616">
     <span class='ocr_line' id='line_1_3' title="bbox 384 538 1511 616; baseline 0.004 -12"><span class='ocrx_word' id='word_1_13' title='bbox 384 540 482 613; x_wconf 87' lang='lat' dir='ltr'>xerit,</span> <span class='ocrx_word' id='word_1_14' title='bbox 499 541 564 603; x_wconf 82' lang='lat' dir='ltr'>sire</span> <span class='ocrx_word' id='word_1_15' title='bbox 581 557 689 603; x_wconf 91' lang='lat' dir='ltr'>verum</span> <span class='ocrx_word' id='word_1_16' title='bbox 700 539 1005 614; x_wconf 86' lang='lat' dir='ltr'>iniustedctexerit,</span> <span class='ocrx_word' id='word_1_17' title='bbox 1020 539 1059 602; x_wconf 90' lang='lat' dir='ltr'>ad</span> <span class='ocrx_word' id='word_1_18' title='bbox 1075 538 1108 602; x_wconf 87' lang='lat' dir='ltr'>id</span> <span class='ocrx_word' id='word_1_19' title='bbox 1123 539 1296 616; x_wconf 80' lang='lat' dir='ltr'>tenebitur,</span> <span class='ocrx_word' id='word_1_20' title='bbox 1314 547 1350 606; x_wconf 93' lang='lat' dir='ltr'>ut</span> <span class='ocrx_word' id='word_1_21' title='bbox 1367 561 1431 606; x_wconf 91' lang='lat' dir='ltr'>non</span> <span class='ocrx_word' id='word_1_22' title='bbox 1444 546 1511 608; x_wconf 90' lang='lat' dir='ltr'>mi-</span> 
     </span>
    </p>

    <p class='ocr_par' dir='ltr' id='par_1_4' title="bbox 386 627 1512 710">
     <span class='ocr_line' id='line_1_4' title="bbox 386 627 1512 710; baseline 0.005 -18"><span class='ocrx_word' id='word_1_23' title='bbox 386 635 444 692; x_wconf 76' lang='lat' dir='ltr'>nu&#39;s</span> <span class='ocrx_word' id='word_1_24' title='bbox 459 628 645 693; x_wconf 87' lang='lat' dir='ltr'>retractatio</span> <span class='ocrx_word' id='word_1_25' title='bbox 661 627 711 694; x_wconf 88' lang='lat' dir='ltr'>vel</span> <span class='ocrx_word' id='word_1_26' title='bbox 720 627 939 710; x_wconf 80' lang='lat' dir='ltr'><strong>compensatio</strong></span> <span class='ocrx_word' id='word_1_27' title='bbox 951 631 1071 710; x_wconf 90' lang='lat' dir='ltr'>pateat,</span> <span class='ocrx_word' id='word_1_28' title='bbox 1085 646 1179 709; x_wconf 91' lang='lat' dir='ltr'>quam</span> <span class='ocrx_word' id='word_1_29' title='bbox 1191 629 1348 694; x_wconf 88' lang='lat' dir='ltr'>calumnia</span> <span class='ocrx_word' id='word_1_30' title='bbox 1360 632 1408 708; x_wconf 85' lang='lat' dir='ltr'>vel</span> <span class='ocrx_word' id='word_1_31' title='bbox 1422 633 1512 698; x_wconf 88' lang='lat' dir='ltr'>iniu-</span> 
     </span>
    </p>

    <p class='ocr_par' dir='ltr' id='par_1_5' title="bbox 9 715 1508 1048">
     <span class='ocr_line' id='line_1_5' title="bbox 384 715 1508 804; baseline 0.005 -22.249"><span class='ocrx_word' id='word_1_32' title='bbox 384 721 433 781; x_wconf 91' lang='lat' dir='ltr'>sta</span> <span class='ocrx_word' id='word_1_33' title='bbox 449 715 629 797; x_wconf 33' lang='lat' dir='ltr'>diffamatio,</span> <span class='ocrx_word' id='word_1_34' title='bbox 641 717 758 798; x_wconf 90' lang='lat' dir='ltr'>patuit.</span> <span class='ocrx_word' id='word_1_35' title='bbox 780 718 852 792; x_wconf 90' lang='lat' dir='ltr'>Sed,</span> <span class='ocrx_word' id='word_1_36' title='bbox 873 734 970 797; x_wconf 91' lang='lat' dir='ltr'>quum</span> <span class='ocrx_word' id='word_1_37' title='bbox 991 737 1009 776; x_wconf 84' lang='lat' dir='ltr'>u</span> <span class='ocrx_word' id='word_1_38' title='bbox 1027 716 1109 781; x_wconf 94' lang='lat' dir='ltr'>nibil</span> <span class='ocrx_word' id='word_1_39' title='bbox 1123 717 1166 782; x_wconf 90' lang='lat' dir='ltr'>sit</span> <span class='ocrx_word' id='word_1_40' title='bbox 1182 723 1248 783; x_wconf 92' lang='lat' dir='ltr'>tam</span> <span class='ocrx_word' id='word_1_41' title='bbox 1264 718 1394 783; x_wconf 82' lang='lat' dir='ltr'>uoluere·</span> <span class='ocrx_word' id='word_1_42' title='bbox 1407 739 1508 804; x_wconf 89' lang='lat' dir='ltr'>quam</span> 
     </span>
    </p>
   </div>
   <div class='ocr_carea' id='block_1_3' title="bbox 386 805 1508 888">
    <p class='ocr_par' dir='ltr' id='par_1_6' title="bbox 386 805 1508 888">
     <span class='ocr_line' id='line_1_6' title="bbox 386 805 1508 888; baseline 0.004 -19"><span class='ocrx_word' id='word_1_43' title='bbox 386 805 603 881; x_wconf 90' lang='lat' dir='ltr'>maledictum,</span> <span class='ocrx_word' id='word_1_44' title='bbox 623 805 705 870; x_wconf 88' lang='lat' dir='ltr'>nihil</span> <span class='ocrx_word' id='word_1_45' title='bbox 720 805 844 871; x_wconf 84' lang='lat' dir='ltr'>lucilius</span> <span class='ocrx_word' id='word_1_46' title='bbox 852 805 1032 880; x_wconf 87' lang='lat' dir='ltr'>emittatur,</span> <span class='ocrx_word' id='word_1_47' title='bbox 1047 805 1129 881; x_wconf 86' lang='lat' dir='ltr'>nibil</span> <span class='ocrx_word' id='word_1_48' title='bbox 1140 805 1235 870; x_wconf 89' lang='lat' dir='ltr'>citius</span> <span class='ocrx_word' id='word_1_49' title='bbox 1247 807 1440 888; x_wconf 84' lang='lat' dir='ltr'>excipiatur,</span> <span class='ocrx_word' id='word_1_50' title='bbox 1456 813 1508 876; x_wconf 90' lang='lat' dir='ltr'>ni-</span> 
     </span>
    </p>
   </div>
   <div class='ocr_carea' id='block_1_4' title="bbox 138 877 1509 1026">
    <p class='ocr_par' dir='ltr' id='par_1_7' title="bbox 138 877 1509 1026">
     <span class='ocr_line' id='line_1_7' title="bbox 138 877 1509 1026; baseline 0.007 -71"><span class='ocrx_word' id='word_1_51' title='bbox 138 877 366 1026; x_wconf 42' lang='lat' dir='ltr'>gllaffib’sffl</span> <span class='ocrx_word' id='word_1_52' title='bbox 386 894 433 959; x_wconf 90' lang='lat' dir='ltr'>bil</span> <span class='ocrx_word' id='word_1_53' title='bbox 449 894 541 958; x_wconf 88' lang='lat' dir='ltr'>latius</span> <span class='ocrx_word' id='word_1_54' title='bbox 556 894 728 975; x_wconf 85' lang='lat' dir='ltr'>dissipetur</span> <span class='ocrx_word' id='word_1_55' title='bbox 745 893 786 980; x_wconf 88' lang='lat'>1);</span> <span class='ocrx_word' id='word_1_56' title='bbox 804 912 901 979; x_wconf 93' lang='lat' dir='ltr'>quum</span> <span class='ocrx_word' id='word_1_57' title='bbox 917 893 1024 976; x_wconf 84' lang='lat' dir='ltr'>lingua</span> <span class='ocrx_word' id='word_1_58' title='bbox 1039 893 1273 960; x_wconf 81' lang='lat' dir='ltr'>detrahentium</span> <span class='ocrx_word' id='word_1_59' title='bbox 1288 915 1306 954; x_wconf 80' lang='lat' dir='ltr'>u</span> <span class='ocrx_word' id='word_1_60' title='bbox 1319 897 1403 978; x_wconf 80' lang='lat' dir='ltr'>ignis</span> <span class='ocrx_word' id='word_1_61' title='bbox 1418 899 1461 964; x_wconf 92' lang='lat' dir='ltr'>sit</span> <span class='ocrx_word' id='word_1_62' title='bbox 1473 905 1509 965; x_wconf 89' lang='lat' dir='ltr'>et</span> 
     </span>
    </p>
   </div>
   <div class='ocr_carea' id='block_1_5' title="bbox 24 983 1507 1101">
    <p class='ocr_par' dir='ltr' id='par_1_8' title="bbox 24 983 1507 1101">
     <span class='ocr_line' id='line_1_8' title="bbox 24 983 1507 1101; baseline -0.002 -45"><span class='ocrx_word' id='word_1_63' title='bbox 24 1048 29 1056; x_wconf 88' lang='grc'><strong>.</strong></span> <span class='ocrx_word' id='word_1_64' title='bbox 152 1028 319 1101; x_wconf 50' lang='lat' dir='ltr'>mamm</span> <span class='ocrx_word' id='word_1_65' title='bbox 331 996 362 1089; x_wconf 39' lang='lat'>¹⁶·</span> <span class='ocrx_word' id='word_1_66' title='bbox 385 983 573 1055; x_wconf 82' lang='lat' dir='ltr'>universitas</span> <span class='ocrx_word' id='word_1_67' title='bbox 588 983 768 1065; x_wconf 89' lang='lat' dir='ltr'>iniquitatis</span> <span class='ocrx_word' id='word_1_68' title='bbox 781 983 825 1067; x_wconf 81' lang='lat'>2);</span> <span class='ocrx_word' id='word_1_69' title='bbox 844 984 987 1048; x_wconf 77' lang='lat' dir='ltr'>ediscant</span> <span class='ocrx_word' id='word_1_70' title='bbox 999 983 1252 1088; x_wconf 87' lang='lat' dir='ltr'>malefici,quam</span> <span class='ocrx_word' id='word_1_71' title='bbox 1261 990 1364 1068; x_wconf 91' lang='lat' dir='ltr'>pateat</span> <span class='ocrx_word' id='word_1_72' title='bbox 1376 987 1507 1070; x_wconf 79' lang='lat' dir='ltr'>linguae</span> 
     </span>
    </p>
   </div>
   <div class='ocr_carea' id='block_1_6' title="bbox 145 1072 1513 4631">
    <p class='ocr_par' dir='ltr' id='par_1_9' title="bbox 323 1072 921 1153">
     <span class='ocr_line' id='line_1_9' title="bbox 323 1072 921 1153; baseline -0.01 -11"><span class='ocrx_word' id='word_1_73' title='bbox 323 1075 331 1106; x_wconf 84' lang='lat'><em>&#39;</em></span> <span class='ocrx_word' id='word_1_74' title='bbox 387 1073 509 1151; x_wconf 78' lang='lat' dir='ltr'>uulnus,</span> <span class='ocrx_word' id='word_1_75' title='bbox 528 1078 561 1138; x_wconf 91' lang='lat' dir='ltr'>et</span> <span class='ocrx_word' id='word_1_76' title='bbox 575 1072 732 1138; x_wconf 86' lang='lat' dir='ltr'>laboriosa</span> <span class='ocrx_word' id='word_1_77' title='bbox 747 1073 921 1153; x_wconf 86' lang='lat' dir='ltr'>reparatio.</span> 
     </span>
    </p>

    <p class='ocr_par' dir='ltr' id='par_1_10' title="bbox 385 1159 1510 1516">
     <span class='ocr_line' id='line_1_10' title="bbox 476 1159 1510 1245; baseline 0.004 -18"><span class='ocrx_word' id='word_1_78' title='bbox 476 1162 627 1227; x_wconf 91' lang='lat' dir='ltr'>Pauculas</span> <span class='ocrx_word' id='word_1_79' title='bbox 643 1179 683 1226; x_wconf 89' lang='lat' dir='ltr'>ex</span> <span class='ocrx_word' id='word_1_80' title='bbox 694 1161 889 1243; x_wconf 88' lang='lat' dir='ltr'>amplissima</span> <span class='ocrx_word' id='word_1_81' title='bbox 900 1165 1004 1242; x_wconf 79' lang='lat' dir='ltr'>segete</span> <span class='ocrx_word' id='word_1_82' title='bbox 1011 1159 1110 1245; x_wconf 90' lang='lat' dir='ltr'>spicas</span> <span class='ocrx_word' id='word_1_83' title='bbox 1121 1159 1307 1242; x_wconf 81' lang='lat' dir='ltr'>delegimus,</span> <span class='ocrx_word' id='word_1_84' title='bbox 1321 1165 1405 1228; x_wconf 83' lang='lat' dir='ltr'>riam</span> <span class='ocrx_word' id='word_1_85' title='bbox 1417 1184 1510 1232; x_wconf 90' lang='lat' dir='ltr'>nem·</span> 
     </span>
     <span class='ocr_line' id='line_1_11' title="bbox 388 1249 1502 1335; baseline 0.004 -19"><span class='ocrx_word' id='word_1_86' title='bbox 388 1267 428 1335; x_wconf 92' lang='lat' dir='ltr'>pe</span> <span class='ocrx_word' id='word_1_87' title='bbox 443 1255 479 1316; x_wconf 91' lang='lat' dir='ltr'>ut</span> <span class='ocrx_word' id='word_1_88' title='bbox 494 1250 700 1334; x_wconf 88' lang='lat' dir='ltr'>aperiremus,</span> <span class='ocrx_word' id='word_1_89' title='bbox 717 1249 796 1315; x_wconf 89' lang='lat' dir='ltr'>iuris</span> <span class='ocrx_word' id='word_1_90' title='bbox 812 1250 967 1315; x_wconf 84' lang='lat' dir='ltr'>naturalis</span> <span class='ocrx_word' id='word_1_91' title='bbox 981 1251 1126 1334; x_wconf 79' lang='lat' dir='ltr'>consultu</span> <span class='ocrx_word' id='word_1_92' title='bbox 1150 1250 1244 1315; x_wconf 88' lang='lat' dir='ltr'>latius</span> <span class='ocrx_word' id='word_1_93' title='bbox 1259 1255 1502 1320; x_wconf 89' lang='lat' dir='ltr'>excurrendam.</span> 
     </span>
     <span class='ocr_line' id='line_1_12' title="bbox 386 1338 1503 1420; baseline 0.001 -14"><span class='ocrx_word' id='word_1_94' title='bbox 386 1339 481 1406; x_wconf 84' lang='lat' dir='ltr'>Hisce</span> <span class='ocrx_word' id='word_1_95' title='bbox 493 1340 815 1414; x_wconf 75' lang='lat' dir='ltr'>auteminvcntorom</span> <span class='ocrx_word' id='word_1_96' title='bbox 824 1345 858 1404; x_wconf 84' lang='lat' dir='ltr'>et</span> <span class='ocrx_word' id='word_1_97' title='bbox 866 1347 1031 1404; x_wconf 83' lang='lat' dir='ltr'>auctorum</span> <span class='ocrx_word' id='word_1_98' title='bbox 1042 1340 1110 1402; x_wconf 90' lang='lat' dir='ltr'>iura</span> <span class='ocrx_word' id='word_1_99' title='bbox 1120 1338 1260 1404; x_wconf 91' lang='lat' dir='ltr'>addenda</span> <span class='ocrx_word' id='word_1_100' title='bbox 1268 1346 1395 1420; x_wconf 92' lang='lat' dir='ltr'>sunt,ut</span> <span class='ocrx_word' id='word_1_101' title='bbox 1407 1343 1503 1407; x_wconf 92' lang='lat' dir='ltr'>buius</span> 
     </span>
     <span class='ocr_line' id='line_1_13' title="bbox 385 1423 1205 1516; baseline -0.002 -22"><span class='ocrx_word' id='word_1_102' title='bbox 385 1447 510 1516; x_wconf 89' lang='lat' dir='ltr'>quoque</span> <span class='ocrx_word' id='word_1_103' title='bbox 525 1428 661 1494; x_wconf 86' lang='lat' dir='ltr'>iniuriae</span> <span class='ocrx_word' id='word_1_104' title='bbox 677 1428 859 1493; x_wconf 84' lang='lat' dir='ltr'>sarciendae</span> <span class='ocrx_word' id='word_1_105' title='bbox 870 1423 955 1493; x_wconf 85' lang='lat' dir='ltr'>ratic</span> <span class='ocrx_word' id='word_1_106' title='bbox 971 1428 1205 1493; x_wconf 82' lang='lat' dir='ltr'>manifestetur.</span> 
     </span>
    </p>

    <p class='ocr_par' dir='ltr' id='par_1_11' title="bbox 298 1517 1511 2313">
     <span class='ocr_line' id='line_1_14' title="bbox 298 1517 1508 1601; baseline 0.001 -17"><span class='ocrx_word' id='word_1_107' title='bbox 298 1586 300 1591; x_wconf 77' lang='grc'><strong>,</strong></span> <span class='ocrx_word' id='word_1_108' title='bbox 478 1518 635 1585; x_wconf 88' lang='lat' dir='ltr'>XXXlll.</span> <span class='ocrx_word' id='word_1_109' title='bbox 654 1517 691 1584; x_wconf 93' lang='lat' dir='ltr'>Si</span> <span class='ocrx_word' id='word_1_110' title='bbox 705 1535 785 1600; x_wconf 92' lang='lat' dir='ltr'>quae</span> <span class='ocrx_word' id='word_1_111' title='bbox 800 1517 942 1600; x_wconf 89' lang='lat' dir='ltr'>corporis</span> <span class='ocrx_word' id='word_1_112' title='bbox 953 1517 1071 1583; x_wconf 80' lang='lat' dir='ltr'>uiribus</span> <span class='ocrx_word' id='word_1_113' title='bbox 1086 1517 1239 1601; x_wconf 91' lang='lat' dir='ltr'>acquisita</span> <span class='ocrx_word' id='word_1_114' title='bbox 1253 1525 1338 1594; x_wconf 90' lang='lat' dir='ltr'>sunt,</span> <span class='ocrx_word' id='word_1_115' title='bbox 1357 1521 1508 1601; x_wconf 90' lang='lat' dir='ltr'>proprie·</span> 
     </span>
     <span class='ocr_line' id='line_1_15' title="bbox 385 1606 1507 1690; baseline 0.001 -17"><span class='ocrx_word' id='word_1_116' title='bbox 385 1608 464 1674; x_wconf 90' lang='lat' dir='ltr'>tatis</span> <span class='ocrx_word' id='word_1_117' title='bbox 475 1607 545 1673; x_wconf 90' lang='lat' dir='ltr'>iura</span> <span class='ocrx_word' id='word_1_118' title='bbox 556 1606 764 1681; x_wconf 88' lang='lat' dir='ltr'>constituunt,</span> <span class='ocrx_word' id='word_1_119' title='bbox 779 1606 938 1672; x_wconf 89' lang='lat' dir='ltr'>alortiorl</span> <span class='ocrx_word' id='word_1_120' title='bbox 950 1624 1079 1688; x_wconf 88' lang='lat' dir='ltr'>eaquae</span> <span class='ocrx_word' id='word_1_121' title='bbox 1090 1606 1302 1690; x_wconf 90' lang='lat' dir='ltr'>unusquisque</span> <span class='ocrx_word' id='word_1_122' title='bbox 1311 1609 1507 1690; x_wconf 79' lang='lat' dir='ltr'>ingeniosuo</span> 
     </span>
     <span class='ocr_line' id='line_1_16' title="bbox 387 1695 1509 1779; baseline 0.003 -18"><span class='ocrx_word' id='word_1_123' title='bbox 387 1695 509 1764; x_wconf 88' lang='lat' dir='ltr'>invenlt</span> <span class='ocrx_word' id='word_1_124' title='bbox 525 1696 574 1762; x_wconf 85' lang='lat' dir='ltr'>vel</span> <span class='ocrx_word' id='word_1_125' title='bbox 590 1695 794 1779; x_wconf 85' lang='lat' dir='ltr'>excogitavit,</span> <span class='ocrx_word' id='word_1_126' title='bbox 812 1713 983 1777; x_wconf 91' lang='lat' dir='ltr'>eurumque</span> <span class='ocrx_word' id='word_1_127' title='bbox 998 1695 1119 1760; x_wconf 79' lang='lat' dir='ltr'>fructus</span> <span class='ocrx_word' id='word_1_128' title='bbox 1131 1701 1163 1764; x_wconf 88' lang='lat' dir='ltr'>et</span> <span class='ocrx_word' id='word_1_129' title='bbox 1176 1697 1341 1762; x_wconf 90' lang='lat' dir='ltr'>commoda</span> <span class='ocrx_word' id='word_1_130' title='bbox 1354 1699 1509 1764; x_wconf 74' lang='lat' dir='ltr'>inaucto</span> 
     </span>
     <span class='ocr_line' id='line_1_17' title="bbox 386 1784 1507 1869; baseline 0.003 -20"><span class='ocrx_word' id='word_1_131' title='bbox 386 1786 432 1852; x_wconf 90' lang='lat' dir='ltr'>ris</span> <span class='ocrx_word' id='word_1_132' title='bbox 443 1786 555 1851; x_wconf 90' lang='lat' dir='ltr'>cedent</span> <span class='ocrx_word' id='word_1_133' title='bbox 567 1804 658 1850; x_wconf 87' lang='lat' dir='ltr'>usum</span> <span class='ocrx_word' id='word_1_134' title='bbox 670 1790 703 1851; x_wconf 93' lang='lat' dir='ltr'>et</span> <span class='ocrx_word' id='word_1_135' title='bbox 714 1784 1034 1868; x_wconf 80' lang='lat' dir='ltr'>proprietatem.Alia</span> <span class='ocrx_word' id='word_1_136' title='bbox 1046 1784 1146 1866; x_wconf 81' lang='lat' dir='ltr'>igitur</span> <span class='ocrx_word' id='word_1_137' title='bbox 1158 1785 1362 1866; x_wconf 90' lang='lat' dir='ltr'>proprietatis</span> <span class='ocrx_word' id='word_1_138' title='bbox 1373 1787 1507 1869; x_wconf 88' lang='lat' dir='ltr'>species,</span> 
     </span>
     <span class='ocr_line' id='line_1_18' title="bbox 387 1874 1511 1958; baseline 0.001 -18"><span class='ocrx_word' id='word_1_139' title='bbox 387 1893 468 1958; x_wconf 92' lang='lat' dir='ltr'>quac</span> <span class='ocrx_word' id='word_1_140' title='bbox 490 1876 691 1939; x_wconf 81' lang='lat' dir='ltr'>industrialis</span> <span class='ocrx_word' id='word_1_141' title='bbox 707 1875 756 1939; x_wconf 87' lang='lat' dir='ltr'>vel</span> <span class='ocrx_word' id='word_1_142' title='bbox 772 1875 930 1940; x_wconf 83' lang='lat' dir='ltr'>litteraria</span> <span class='ocrx_word' id='word_1_143' title='bbox 947 1874 1136 1955; x_wconf 87' lang='lat' dir='ltr'>appellatur,</span> <span class='ocrx_word' id='word_1_144' title='bbox 1146 1899 1149 1904; x_wconf 94' lang='lat'><em>·</em></span> <span class='ocrx_word' id='word_1_145' title='bbox 1160 1875 1329 1957; x_wconf 90' lang='lat' dir='ltr'>eodemque</span> <span class='ocrx_word' id='word_1_146' title='bbox 1345 1876 1511 1957; x_wconf 91' lang='lat' dir='ltr'>principio</span> 
     </span>
     <span class='ocr_line' id='line_1_19' title="bbox 388 1962 1508 2046; baseline 0 -16"><span class='ocrx_word' id='word_1_147' title='bbox 388 1963 511 2038; x_wconf 87' lang='lat' dir='ltr'>innixa,</span> <span class='ocrx_word' id='word_1_148' title='bbox 529 1980 600 2028; x_wconf 91' lang='lat' dir='ltr'>curn</span> <span class='ocrx_word' id='word_1_149' title='bbox 615 1963 774 2046; x_wconf 91' lang='lat' dir='ltr'>quaelibet</span> <span class='ocrx_word' id='word_1_150' title='bbox 789 1982 840 2028; x_wconf 91' lang='lat' dir='ltr'>res</span> <span class='ocrx_word' id='word_1_151' title='bbox 861 1963 991 2029; x_wconf 87' lang='lat' dir='ltr'>domino</span> <span class='ocrx_word' id='word_1_152' title='bbox 1007 1981 1064 2028; x_wconf 92' lang='lat' dir='ltr'>suo</span> <span class='ocrx_word' id='word_1_153' title='bbox 1079 1962 1263 2027; x_wconf 74' lang='lat' dir='ltr'>fructificet.</span> <span class='ocrx_word' id='word_1_154' title='bbox 1281 1963 1459 2028; x_wconf 87' lang='lat' dir='ltr'>Difficultas</span> <span class='ocrx_word' id='word_1_155' title='bbox 1474 1967 1508 2030; x_wconf 90' lang='lat' dir='ltr'>in</span> 
     </span>
     <span class='ocr_line' id='line_1_20' title="bbox 388 2051 1508 2135; baseline 0.003 -18"><span class='ocrx_word' id='word_1_156' title='bbox 388 2069 427 2117; x_wconf 89' lang='lat' dir='ltr'>eo</span> <span class='ocrx_word' id='word_1_157' title='bbox 438 2057 498 2127; x_wconf 89' lang='lat' dir='ltr'>est,</span> <span class='ocrx_word' id='word_1_158' title='bbox 512 2057 661 2117; x_wconf 87' lang='lat' dir='ltr'>utrumet</span> <span class='ocrx_word' id='word_1_159' title='bbox 673 2057 840 2135; x_wconf 89' lang='lat' dir='ltr'>quatenus,</span> <span class='ocrx_word' id='word_1_160' title='bbox 852 2053 891 2116; x_wconf 90' lang='lat' dir='ltr'>iis</span> <span class='ocrx_word' id='word_1_161' title='bbox 902 2052 1000 2117; x_wconf 88' lang='lat' dir='ltr'>semel</span> <span class='ocrx_word' id='word_1_162' title='bbox 1012 2053 1046 2117; x_wconf 92' lang='lat' dir='ltr'>in</span> <span class='ocrx_word' id='word_1_163' title='bbox 1059 2053 1160 2116; x_wconf 91' lang='lat' dir='ltr'>lucem</span> <span class='ocrx_word' id='word_1_164' title='bbox 1172 2051 1306 2126; x_wconf 90' lang='lat' dir='ltr'>emissis,</span> <span class='ocrx_word' id='word_1_165' title='bbox 1318 2060 1508 2120; x_wconf 91' lang='lat' dir='ltr'>remaneant</span> 
     </span>
     <span class='ocr_line' id='line_1_21' title="bbox 389 2141 1509 2224; baseline 0.002 -19"><span class='ocrx_word' id='word_1_166' title='bbox 389 2142 528 2205; x_wconf 88' lang='lat' dir='ltr'>auctoris</span> <span class='ocrx_word' id='word_1_167' title='bbox 542 2142 685 2222; x_wconf 92' lang='lat' dir='ltr'>propria,</span> <span class='ocrx_word' id='word_1_168' title='bbox 702 2158 742 2204; x_wconf 93' lang='lat' dir='ltr'>an</span> <span class='ocrx_word' id='word_1_169' title='bbox 760 2142 839 2207; x_wconf 85' lang='lat' dir='ltr'>liant</span> <span class='ocrx_word' id='word_1_170' title='bbox 854 2142 1001 2207; x_wconf 88' lang='lat' dir='ltr'>omnibus</span> <span class='ocrx_word' id='word_1_171' title='bbox 1014 2141 1206 2206; x_wconf 89' lang='lat' dir='ltr'>communia.</span> <span class='ocrx_word' id='word_1_172' title='bbox 1217 2142 1306 2220; x_wconf 83' lang='lat' dir='ltr'>Quae</span> <span class='ocrx_word' id='word_1_173' title='bbox 1317 2141 1509 2224; x_wconf 87' lang='lat' dir='ltr'>disceptatio</span> 
     </span>
     <span class='ocr_line' id='line_1_22' title="bbox 390 2229 1510 2313; baseline 0.001 -19"><span class='ocrx_word' id='word_1_174' title='bbox 390 2247 462 2294; x_wconf 94' lang='lat' dir='ltr'>cum</span> <span class='ocrx_word' id='word_1_175' title='bbox 477 2235 511 2295; x_wconf 89' lang='lat' dir='ltr'>et</span> <span class='ocrx_word' id='word_1_176' title='bbox 529 2229 698 2294; x_wconf 87' lang='lat' dir='ltr'>novissima</span> <span class='ocrx_word' id='word_1_177' title='bbox 713 2229 767 2304; x_wconf 91' lang='lat' dir='ltr'>sit,</span> <span class='ocrx_word' id='word_1_178' title='bbox 786 2249 844 2296; x_wconf 92' lang='lat' dir='ltr'>nee</span> <span class='ocrx_word' id='word_1_179' title='bbox 859 2231 979 2313; x_wconf 87' lang='lat' dir='ltr'>liquido</span> <span class='ocrx_word' id='word_1_180' title='bbox 994 2235 1102 2313; x_wconf 89' lang='lat' dir='ltr'>pateat</span> <span class='ocrx_word' id='word_1_181' title='bbox 1114 2247 1153 2294; x_wconf 93' lang='lat' dir='ltr'>an</span> <span class='ocrx_word' id='word_1_182' title='bbox 1166 2248 1205 2294; x_wconf 86' lang='lat' dir='ltr'>ex</span> <span class='ocrx_word' id='word_1_183' title='bbox 1219 2231 1289 2295; x_wconf 89' lang='lat' dir='ltr'>iure</span> <span class='ocrx_word' id='word_1_184' title='bbox 1305 2236 1449 2304; x_wconf 90' lang='lat' dir='ltr'>naturae,</span> <span class='ocrx_word' id='word_1_185' title='bbox 1468 2249 1510 2296; x_wconf 93' lang='lat' dir='ltr'>an</span> 
     </span>
    </p>

    <p class='ocr_par' dir='ltr' id='par_1_12' title="bbox 371 2318 1513 2492">
     <span class='ocr_line' id='line_1_23' title="bbox 371 2318 1513 2399; baseline 0.004 -17"><span class='ocrx_word' id='word_1_186' title='bbox 371 2343 374 2348; x_wconf 20' lang='grc' dir='ltr'><strong>Δ</strong></span> <span class='ocrx_word' id='word_1_187' title='bbox 392 2336 431 2384; x_wconf 91' lang='lat' dir='ltr'>ex</span> <span class='ocrx_word' id='word_1_188' title='bbox 448 2318 675 2399; x_wconf 74' lang='lat' dir='ltr'>iure·gentium</span> <span class='ocrx_word' id='word_1_189' title='bbox 690 2319 869 2386; x_wconf 73' lang='lat' dir='ltr'>voluntario</span> <span class='ocrx_word' id='word_1_190' title='bbox 883 2321 960 2384; x_wconf 92' lang='lat' dir='ltr'>illud</span> <span class='ocrx_word' id='word_1_191' title='bbox 972 2324 1136 2394; x_wconf 88' lang='lat' dir='ltr'>auctorum</span> <span class='ocrx_word' id='word_1_192' title='bbox 1148 2320 1196 2383; x_wconf 92' lang='lat' dir='ltr'>ius</span> <span class='ocrx_word' id='word_1_193' title='bbox 1207 2325 1385 2395; x_wconf 86' lang='lat' dir='ltr'>enascatur;</span> <span class='ocrx_word' id='word_1_194' title='bbox 1404 2337 1464 2384; x_wconf 94' lang='lat' dir='ltr'>nos</span> <span class='ocrx_word' id='word_1_195' title='bbox 1475 2339 1513 2386; x_wconf 93' lang='lat' dir='ltr'>u·</span> 
     </span>
     <span class='ocr_line' id='line_1_24' title="bbox 392 2407 1459 2492; baseline 0.003 -22"><span class='ocrx_word' id='word_1_196' title='bbox 392 2412 505 2492; x_wconf 90' lang='lat' dir='ltr'>troque</span> <span class='ocrx_word' id='word_1_197' title='bbox 523 2408 580 2471; x_wconf 94' lang='lat' dir='ltr'>illo</span> <span class='ocrx_word' id='word_1_198' title='bbox 597 2407 665 2472; x_wconf 92' lang='lat' dir='ltr'>iure</span> <span class='ocrx_word' id='word_1_199' title='bbox 681 2425 749 2472; x_wconf 89' lang='lat' dir='ltr'>rem</span> <span class='ocrx_word' id='word_1_200' title='bbox 764 2408 979 2474; x_wconf 86' lang='lat' dir='ltr'>definiendam</span> <span class='ocrx_word' id='word_1_201' title='bbox 995 2415 1089 2490; x_wconf 88' lang='lat' dir='ltr'>atque</span> <span class='ocrx_word' id='word_1_202' title='bbox 1099 2407 1269 2490; x_wconf 81' lang='lat' dir='ltr'>regendam</span> <span class='ocrx_word' id='word_1_203' title='bbox 1284 2426 1459 2474; x_wconf 88' lang='lat' dir='ltr'>censemus.</span> 
     </span>
    </p>

    <p class='ocr_par' dir='ltr' id='par_1_13' title="bbox 390 2496 1513 2935">
     <span class='ocr_line' id='line_1_25' title="bbox 441 2496 1511 2580; baseline 0 -18"><span class='ocrx_word' id='word_1_204' title='bbox 441 2525 446 2534; x_wconf 95' lang='lat'>·</span> <span class='ocrx_word' id='word_1_205' title='bbox 481 2497 637 2563; x_wconf 81' lang='lat' dir='ltr'>XXXIV.</span> <span class='ocrx_word' id='word_1_206' title='bbox 656 2497 737 2563; x_wconf 89' lang='lat' dir='ltr'>Nam</span> <span class='ocrx_word' id='word_1_207' title='bbox 757 2497 789 2561; x_wconf 91' lang='lat'>1.</span> <span class='ocrx_word' id='word_1_208' title='bbox 809 2499 1037 2564; x_wconf 90' lang='lat' dir='ltr'>absolutissima</span> <span class='ocrx_word' id='word_1_209' title='bbox 1053 2498 1225 2580; x_wconf 88' lang='lat' dir='ltr'>aequalitas</span> <span class='ocrx_word' id='word_1_210' title='bbox 1244 2497 1329 2562; x_wconf 91' lang='lat' dir='ltr'>inter</span> <span class='ocrx_word' id='word_1_211' title='bbox 1343 2496 1390 2560; x_wconf 90' lang='lat' dir='ltr'>rei</span> <span class='ocrx_word' id='word_1_212' title='bbox 1407 2503 1511 2562; x_wconf 90' lang='lat' dir='ltr'>mate-</span> 
     </span>
     <span class='ocr_line' id='line_1_26' title="bbox 392 2583 1513 2671; baseline 0.004 -24"><span class='ocrx_word' id='word_1_213' title='bbox 392 2583 481 2651; x_wconf 85' lang='lat' dir='ltr'>rialis</span> <span class='ocrx_word' id='word_1_214' title='bbox 492 2586 743 2667; x_wconf 90' lang='lat' dir='ltr'>occupationem,</span> <span class='ocrx_word' id='word_1_215' title='bbox 755 2591 787 2651; x_wconf 91' lang='lat' dir='ltr'>et</span> <span class='ocrx_word' id='word_1_216' title='bbox 798 2595 1026 2671; x_wconf 85' lang='lat' dir='ltr'>quamcumque</span> <span class='ocrx_word' id='word_1_217' title='bbox 1038 2585 1159 2666; x_wconf 81' lang='lat' dir='ltr'>ingenii</span> <span class='ocrx_word' id='word_1_218' title='bbox 1167 2585 1384 2651; x_wconf 86' lang='lat' dir='ltr'>inventionem</span> <span class='ocrx_word' id='word_1_219' title='bbox 1393 2591 1426 2651; x_wconf 92' lang='lat' dir='ltr'>et</span> <span class='ocrx_word' id='word_1_220' title='bbox 1434 2605 1513 2669; x_wconf 90' lang='lat' dir='ltr'>pro-</span> 
     </span>
     <span class='ocr_line' id='line_1_27' title="bbox 390 2673 1511 2758; baseline 0.002 -20"><span class='ocrx_word' id='word_1_221' title='bbox 390 2673 586 2750; x_wconf 91' lang='lat' dir='ltr'>ductionem,</span> <span class='ocrx_word' id='word_1_222' title='bbox 604 2675 689 2758; x_wconf 92' lang='lat' dir='ltr'>quod</span> <span class='ocrx_word' id='word_1_223' title='bbox 705 2677 773 2757; x_wconf 82' lang='lat' dir='ltr'>lege</span> <span class='ocrx_word' id='word_1_224' title='bbox 789 2677 903 2757; x_wconf 81' lang='lat' dir='ltr'>gallica</span> <span class='ocrx_word' id='word_1_225' title='bbox 917 2676 1125 2752; x_wconf 89' lang='lat' dir='ltr'>statuebatur,</span> <span class='ocrx_word' id='word_1_226' title='bbox 1146 2675 1281 2740; x_wconf 92' lang='lat' dir='ltr'>naturali</span> <span class='ocrx_word' id='word_1_227' title='bbox 1296 2675 1365 2739; x_wconf 90' lang='lat' dir='ltr'>iure</span> <span class='ocrx_word' id='word_1_228' title='bbox 1378 2692 1442 2738; x_wconf 92' lang='lat' dir='ltr'>non</span> <span class='ocrx_word' id='word_1_229' title='bbox 1459 2679 1511 2740; x_wconf 90' lang='lat' dir='ltr'>cst</span> 
     </span>
     <span class='ocr_line' id='line_1_28' title="bbox 391 2763 1511 2846; baseline 0.002 -20"><span class='ocrx_word' id='word_1_230' title='bbox 391 2763 600 2829; x_wconf 88' lang='lat' dir='ltr'>admittenda.</span> <span class='ocrx_word' id='word_1_231' title='bbox 622 2764 739 2830; x_wconf 74' lang='lat' dir='ltr'>Aiebat</span> <span class='ocrx_word' id='word_1_232' title='bbox 756 2764 812 2828; x_wconf 92' lang='lat' dir='ltr'>illa</span> <span class='ocrx_word' id='word_1_233' title='bbox 827 2765 890 2830; x_wconf 87' lang='lat' dir='ltr'>lex:</span> <span class='ocrx_word' id='word_1_234' title='bbox 910 2785 927 2824; x_wconf 81' lang='grc' dir='ltr'>ιι</span> <span class='ocrx_word' id='word_1_235' title='bbox 946 2763 989 2830; x_wconf 87' lang='lat' dir='ltr'>Ce</span> <span class='ocrx_word' id='word_1_236' title='bbox 1008 2764 1106 2828; x_wconf 88' lang='lat' dir='ltr'>serait</span> <span class='ocrx_word' id='word_1_237' title='bbox 1120 2769 1266 2846; x_wconf 87' lang='lat' dir='ltr'>attaquer</span> <span class='ocrx_word' id='word_1_238' title='bbox 1283 2763 1327 2827; x_wconf 90' lang='lat' dir='ltr'>les</span> <span class='ocrx_word' id='word_1_239' title='bbox 1347 2763 1449 2827; x_wconf 90' lang='lat' dir='ltr'>droits</span> <span class='ocrx_word' id='word_1_240' title='bbox 1470 2765 1511 2828; x_wconf 91' lang='lat' dir='ltr'>dc</span> 
     </span>
     <span class='ocr_line' id='line_1_29' title="bbox 390 2848 1512 2935; baseline 0.002 -21"><span class='ocrx_word' id='word_1_241' title='bbox 390 2849 541 2917; x_wconf 87' lang='lat' dir='ltr'>l’bomme</span> <span class='ocrx_word' id='word_1_242' title='bbox 556 2854 633 2918; x_wconf 91' lang='lat' dir='ltr'>dans</span> <span class='ocrx_word' id='word_1_243' title='bbox 651 2853 719 2918; x_wconf 88' lang='lat' dir='ltr'>leur</span> <span class='ocrx_word' id='word_1_244' title='bbox 735 2871 873 2930; x_wconf 87' lang='lat' dir='ltr'>essence,</span> <span class='ocrx_word' id='word_1_245' title='bbox 895 2872 955 2935; x_wconf 90' lang='lat' dir='ltr'>qne</span> <span class='ocrx_word' id='word_1_246' title='bbox 971 2853 1011 2916; x_wconf 91' lang='lat' dir='ltr'>de</span> <span class='ocrx_word' id='word_1_247' title='bbox 1023 2870 1062 2916; x_wconf 90' lang='lat' dir='ltr'>ne</span> <span class='ocrx_word' id='word_1_248' title='bbox 1078 2869 1133 2933; x_wconf 93' lang='lat' dir='ltr'>pas</span> <span class='ocrx_word' id='word_1_249' title='bbox 1148 2852 1297 2934; x_wconf 81' lang='lat' dir='ltr'>regarder</span> <span class='ocrx_word' id='word_1_250' title='bbox 1312 2870 1374 2916; x_wconf 90' lang='lat' dir='ltr'>une</span> <span class='ocrx_word' id='word_1_251' title='bbox 1391 2848 1512 2917; x_wconf 79' lang='lat' dir='ltr'>decon-</span> 
     </span>
    </p>

    <p class='ocr_par' dir='ltr' id='par_1_14' title="bbox 145 2937 1513 3825">
     <span class='ocr_line' id='line_1_30' title="bbox 163 2937 1513 3026; baseline 0.003 -25"><span class='ocrx_word' id='word_1_252' title='bbox 163 2948 189 3018; x_wconf 72' lang='lat' dir='ltr'>s)</span> <span class='ocrx_word' id='word_1_253' title='bbox 207 2946 371 3006; x_wconf 74' lang='lat' dir='ltr'>Assembtee</span> <span class='ocrx_word' id='word_1_254' title='bbox 391 2949 477 3008; x_wconf 87' lang='lat' dir='ltr'>verte</span> <span class='ocrx_word' id='word_1_255' title='bbox 489 2941 687 3010; x_wconf 88' lang='lat' dir='ltr'>industrielle</span> <span class='ocrx_word' id='word_1_256' title='bbox 694 2961 819 3008; x_wconf 90' lang='lat' dir='ltr'>comme</span> <span class='ocrx_word' id='word_1_257' title='bbox 828 2944 858 3007; x_wconf 92' lang='lat' dir='ltr'>la</span> <span class='ocrx_word' id='word_1_258' title='bbox 866 2938 1028 3026; x_wconf 76' lang='lat' dir='ltr'>propridtd</span> <span class='ocrx_word' id='word_1_259' title='bbox 1037 2943 1139 3006; x_wconf 82' lang='lat' dir='ltr'>deson</span> <span class='ocrx_word' id='word_1_260' title='bbox 1147 2943 1313 3006; x_wconf 89' lang='lat' dir='ltr'>inventeur</span> <span class='ocrx_word' id='word_1_261' title='bbox 1323 2937 1366 3022; x_wconf 88' lang='lat'>3).</span> <span class='ocrx_word' id='word_1_262' title='bbox 1378 2940 1513 3005; x_wconf 76' lang='lat' dir='ltr'>»Abso-</span> 
     </span>
     <span class='ocr_line' id='line_1_31' title="bbox 145 3023 1509 3114; baseline -0.001 -18"><span class='ocrx_word' id='word_1_263' title='bbox 145 3023 344 3108; x_wconf 54' lang='lat' dir='ltr'>qulwenle</span> <span class='ocrx_word' id='word_1_264' title='bbox 361 3065 369 3096; x_wconf 64' lang='grc' dir='ltr'>ι</span> <span class='ocrx_word' id='word_1_265' title='bbox 390 3029 455 3096; x_wconf 90' lang='lat' dir='ltr'>luta</span> <span class='ocrx_word' id='word_1_266' title='bbox 467 3031 649 3114; x_wconf 77' lang='lat' dir='ltr'>&#39;proprietas</span> <span class='ocrx_word' id='word_1_267' title='bbox 662 3049 773 3097; x_wconf 87' lang='lat' dir='ltr'>omnes</span> <span class='ocrx_word' id='word_1_268' title='bbox 792 3032 943 3107; x_wconf 81' lang='lat' dir='ltr'>excludit,</span> <span class='ocrx_word' id='word_1_269' title='bbox 963 3035 1058 3113; x_wconf 91' lang='lat' dir='ltr'>atque</span> <span class='ocrx_word' id='word_1_270' title='bbox 1072 3031 1111 3094; x_wconf 92' lang='lat' dir='ltr'>ad</span> <span class='ocrx_word' id='word_1_271' title='bbox 1126 3030 1275 3094; x_wconf 88' lang='lat' dir='ltr'>haeredes</span> <span class='ocrx_word' id='word_1_272' title='bbox 1290 3030 1324 3092; x_wconf 96' lang='lat' dir='ltr'>in</span> <span class='ocrx_word' id='word_1_273' title='bbox 1341 3029 1509 3095; x_wconf 87' lang='lat' dir='ltr'>inlinitum</span> 
     </span>
     <span class='ocr_line' id='line_1_32' title="bbox 146 3097 1508 3205; baseline 0.001 -22"><span class='ocrx_word' id='word_1_274' title='bbox 146 3097 258 3172; x_wconf 40' lang='lat'><strong>⁷1⁸⁰&amp;</strong></span> <span class='ocrx_word' id='word_1_275' title='bbox 275 3099 356 3156; x_wconf 78' lang='lat'><strong>¹⁷⁹¹·</strong></span> <span class='ocrx_word' id='word_1_276' title='bbox 390 3121 543 3200; x_wconf 87' lang='lat' dir='ltr'>pertinet:</span> <span class='ocrx_word' id='word_1_277' title='bbox 560 3138 648 3185; x_wconf 88' lang='lat' dir='ltr'>secus</span> <span class='ocrx_word' id='word_1_278' title='bbox 663 3138 737 3184; x_wconf 90' lang='lat' dir='ltr'>vero</span> <span class='ocrx_word' id='word_1_279' title='bbox 749 3138 829 3205; x_wconf 90' lang='lat' dir='ltr'>quae</span> <span class='ocrx_word' id='word_1_280' title='bbox 844 3121 885 3184; x_wconf 91' lang='lat' dir='ltr'>ab</span> <span class='ocrx_word' id='word_1_281' title='bbox 901 3138 964 3184; x_wconf 91' lang='lat' dir='ltr'>uno</span> <span class='ocrx_word' id='word_1_282' title='bbox 984 3120 1114 3188; x_wconf 88' lang='lat' dir='ltr'>iuventa</span> <span class='ocrx_word' id='word_1_283' title='bbox 1130 3123 1215 3193; x_wconf 85' lang='lat' dir='ltr'>sunt,</span> <span class='ocrx_word' id='word_1_284' title='bbox 1234 3118 1273 3182; x_wconf 94' lang='lat' dir='ltr'>ab</span> <span class='ocrx_word' id='word_1_285' title='bbox 1289 3117 1352 3182; x_wconf 91' lang='lat' dir='ltr'>alio</span> <span class='ocrx_word' id='word_1_286' title='bbox 1364 3117 1508 3184; x_wconf 85' lang='lat' dir='ltr'>inveniri</span> 
     </span>
     <span class='ocr_line' id='line_1_33' title="bbox 388 3206 1508 3293; baseline -0.002 -20"><span class='ocrx_word' id='word_1_287' title='bbox 388 3213 550 3290; x_wconf 88' lang='lat' dir='ltr'>poterunt,</span> <span class='ocrx_word' id='word_1_288' title='bbox 561 3228 659 3293; x_wconf 91' lang='lat' dir='ltr'>quum</span> <span class='ocrx_word' id='word_1_289' title='bbox 670 3210 816 3273; x_wconf 87' lang='lat' dir='ltr'>omnibus</span> <span class='ocrx_word' id='word_1_290' title='bbox 827 3225 993 3273; x_wconf 91' lang='lat' dir='ltr'>commune</span> <span class='ocrx_word' id='word_1_291' title='bbox 1007 3210 1050 3274; x_wconf 92' lang='lat' dir='ltr'>sit</span> <span class='ocrx_word' id='word_1_292' title='bbox 1061 3208 1235 3290; x_wconf 69' lang='lat' dir='ltr'>ingenium</span> <span class='ocrx_word' id='word_1_293' title='bbox 1251 3225 1307 3271; x_wconf 90' lang='lat' dir='ltr'>nee</span> <span class='ocrx_word' id='word_1_294' title='bbox 1320 3206 1368 3270; x_wconf 91' lang='lat' dir='ltr'>ius</span> <span class='ocrx_word' id='word_1_295' title='bbox 1380 3207 1508 3287; x_wconf 91' lang='lat' dir='ltr'>patitur</span> 
     </span>
     <span class='ocr_line' id='line_1_34' title="bbox 387 3295 1508 3381; baseline 0.001 -22"><span class='ocrx_word' id='word_1_296' title='bbox 387 3297 538 3372; x_wconf 89' lang='lat' dir='ltr'>civitatis,</span> <span class='ocrx_word' id='word_1_297' title='bbox 549 3299 648 3381; x_wconf 91' lang='lat' dir='ltr'>utqui</span> <span class='ocrx_word' id='word_1_298' title='bbox 660 3303 710 3363; x_wconf 92' lang='lat' dir='ltr'>tot</span> <span class='ocrx_word' id='word_1_299' title='bbox 720 3317 760 3362; x_wconf 89' lang='lat' dir='ltr'>ex</span> <span class='ocrx_word' id='word_1_300' title='bbox 770 3316 807 3362; x_wconf 90' lang='lat' dir='ltr'>ea</span> <span class='ocrx_word' id='word_1_301' title='bbox 819 3299 984 3363; x_wconf 92' lang='lat' dir='ltr'>commoda</span> <span class='ocrx_word' id='word_1_302' title='bbox 994 3297 1308 3379; x_wconf 82' lang='lat' dir='ltr'>percipiunt,ingenii</span> <span class='ocrx_word' id='word_1_303' title='bbox 1320 3297 1369 3359; x_wconf 88' lang='lat' dir='ltr'>sui</span> <span class='ocrx_word' id='word_1_304' title='bbox 1382 3295 1508 3360; x_wconf 88' lang='lat' dir='ltr'>lructus</span> 
     </span>
     <span class='ocr_line' id='line_1_35' title="bbox 387 3386 1509 3470; baseline 0 -21"><span class='ocrx_word' id='word_1_305' title='bbox 387 3387 543 3451; x_wconf 87' lang='lat' dir='ltr'>exclusiva</span> <span class='ocrx_word' id='word_1_306' title='bbox 560 3393 654 3470; x_wconf 89' lang='lat' dir='ltr'>atque</span> <span class='ocrx_word' id='word_1_307' title='bbox 669 3393 797 3452; x_wconf 90' lang='lat' dir='ltr'>aeterna</span> <span class='ocrx_word' id='word_1_308' title='bbox 812 3406 867 3451; x_wconf 90' lang='lat' dir='ltr'>sua</span> <span class='ocrx_word' id='word_1_309' title='bbox 878 3391 1043 3452; x_wconf 86' lang='lat' dir='ltr'>coerceant</span> <span class='ocrx_word' id='word_1_310' title='bbox 1055 3388 1264 3468; x_wconf 88' lang='lat' dir='ltr'>proprietate.</span> <span class='ocrx_word' id='word_1_311' title='bbox 1274 3386 1405 3467; x_wconf 80' lang='lat' dir='ltr'>Insuper</span> <span class='ocrx_word' id='word_1_312' title='bbox 1417 3401 1509 3449; x_wconf 90' lang='lat' dir='ltr'>com-</span> 
     </span>
     <span class='ocr_line' id='line_1_36' title="bbox 389 3473 1507 3556; baseline 0 -19"><span class='ocrx_word' id='word_1_313' title='bbox 389 3475 494 3538; x_wconf 91' lang='lat' dir='ltr'>munis</span> <span class='ocrx_word' id='word_1_314' title='bbox 509 3479 558 3540; x_wconf 89' lang='lat' dir='ltr'>cst</span> <span class='ocrx_word' id='word_1_315' title='bbox 573 3476 734 3550; x_wconf 89' lang='lat' dir='ltr'>utilitatis,</span> <span class='ocrx_word' id='word_1_316' title='bbox 752 3481 787 3541; x_wconf 91' lang='lat' dir='ltr'>ut</span> <span class='ocrx_word' id='word_1_317' title='bbox 802 3478 840 3540; x_wconf 93' lang='lat' dir='ltr'>ab</span> <span class='ocrx_word' id='word_1_318' title='bbox 852 3477 923 3540; x_wconf 93' lang='lat' dir='ltr'>aliis</span> <span class='ocrx_word' id='word_1_319' title='bbox 939 3477 1125 3556; x_wconf 82' lang='lat' dir='ltr'>evulgentur</span> <span class='ocrx_word' id='word_1_320' title='bbox 1136 3478 1299 3556; x_wconf 90' lang='lat' dir='ltr'>auctorum</span> <span class='ocrx_word' id='word_1_321' title='bbox 1311 3490 1420 3556; x_wconf 79' lang='lat' dir='ltr'>opera,</span> <span class='ocrx_word' id='word_1_322' title='bbox 1434 3473 1507 3537; x_wconf 91' lang='lat' dir='ltr'>ani-</span> 
     </span>
     <span class='ocr_line' id='line_1_37' title="bbox 388 3561 1506 3645; baseline 0 -19"><span class='ocrx_word' id='word_1_323' title='bbox 388 3562 657 3629; x_wconf 87' lang='lat' dir='ltr'>madversionibus</span> <span class='ocrx_word' id='word_1_324' title='bbox 680 3565 729 3628; x_wconf 79' lang='lat' dir='ltr'>vel</span> <span class='ocrx_word' id='word_1_325' title='bbox 745 3565 999 3631; x_wconf 89' lang='lat' dir='ltr'>enarrationibus</span> <span class='ocrx_word' id='word_1_326' title='bbox 1015 3569 1118 3628; x_wconf 85' lang='lat' dir='ltr'>aucta:</span> <span class='ocrx_word' id='word_1_327' title='bbox 1136 3564 1219 3644; x_wconf 91' lang='lat' dir='ltr'>quod</span> <span class='ocrx_word' id='word_1_328' title='bbox 1236 3565 1304 3627; x_wconf 88' lang='lat' dir='ltr'>iure</span> <span class='ocrx_word' id='word_1_329' title='bbox 1318 3561 1506 3645; x_wconf 88' lang='lat' dir='ltr'>probibere-</span> 
     </span>
     <span class='ocr_line' id='line_1_38' title="bbox 389 3650 1508 3734; baseline -0.001 -20"><span class='ocrx_word' id='word_1_330' title='bbox 389 3651 702 3717; x_wconf 79' lang='lat' dir='ltr'>turabsolutissimae</span> <span class='ocrx_word' id='word_1_331' title='bbox 714 3655 934 3734; x_wconf 86' lang='lat' dir='ltr'>proprietatis.</span> <span class='ocrx_word' id='word_1_332' title='bbox 948 3655 1005 3719; x_wconf 87' lang='lat' dir='ltr'>Est</span> <span class='ocrx_word' id='word_1_333' title='bbox 1017 3654 1117 3734; x_wconf 81' lang='lat' dir='ltr'>igitur</span> <span class='ocrx_word' id='word_1_334' title='bbox 1127 3653 1296 3716; x_wconf 85' lang='lat' dir='ltr'>discrimen</span> <span class='ocrx_word' id='word_1_335' title='bbox 1309 3650 1508 3716; x_wconf 87' lang='lat' dir='ltr'>constituen-</span> 
     </span>
     <span class='ocr_line' id='line_1_39' title="bbox 389 3738 1502 3825; baseline -0.002 -22"><span class='ocrx_word' id='word_1_336' title='bbox 389 3738 560 3804; x_wconf 89' lang='lat' dir='ltr'>duminter</span> <span class='ocrx_word' id='word_1_337' title='bbox 567 3741 777 3825; x_wconf 70' lang='lat' dir='ltr'>physicamet</span> <span class='ocrx_word' id='word_1_338' title='bbox 786 3742 1058 3807; x_wconf 71' lang='lat' dir='ltr'>iudustrialemcel</span> <span class='ocrx_word' id='word_1_339' title='bbox 1066 3741 1252 3806; x_wconf 89' lang='lat' dir='ltr'>litterariam</span> <span class='ocrx_word' id='word_1_340' title='bbox 1260 3741 1502 3823; x_wconf 88' lang='lat' dir='ltr'>proprietatem.</span> 
     </span>
    </p>

    <p class='ocr_par' dir='ltr' id='par_1_15' title="bbox 389 3827 1509 4450">
     <span class='ocr_line' id='line_1_40' title="bbox 479 3827 1508 3912; baseline -0.003 -19"><span class='ocrx_word' id='word_1_341' title='bbox 479 3827 618 3895; x_wconf 84' lang='lat' dir='ltr'>XXXV.</span> <span class='ocrx_word' id='word_1_342' title='bbox 637 3833 670 3896; x_wconf 79' lang='lat'>2.</span> <span class='ocrx_word' id='word_1_343' title='bbox 689 3831 747 3896; x_wconf 89' lang='lat' dir='ltr'>Est</span> <span class='ocrx_word' id='word_1_344' title='bbox 762 3837 869 3896; x_wconf 93' lang='lat' dir='ltr'>tamen</span> <span class='ocrx_word' id='word_1_345' title='bbox 885 3832 1028 3912; x_wconf 83' lang='lat' dir='ltr'>analogia</span> <span class='ocrx_word' id='word_1_346' title='bbox 1043 3831 1195 3912; x_wconf 92' lang='lat' dir='ltr'>quaedam</span> <span class='ocrx_word' id='word_1_347' title='bbox 1212 3829 1419 3902; x_wconf 89' lang='lat' dir='ltr'>admittenda,</span> <span class='ocrx_word' id='word_1_348' title='bbox 1437 3827 1508 3903; x_wconf 80' lang='lat' dir='ltr'>iure</span> 
     </span>
     <span class='ocr_line' id='line_1_41' title="bbox 389 3918 1507 4002; baseline -0.002 -21"><span class='ocrx_word' id='word_1_349' title='bbox 389 3918 457 3999; x_wconf 90' lang='lat' dir='ltr'>ipso</span> <span class='ocrx_word' id='word_1_350' title='bbox 470 3918 616 3983; x_wconf 89' lang='lat' dir='ltr'>naturali.</span> <span class='ocrx_word' id='word_1_351' title='bbox 630 3919 740 4000; x_wconf 86' lang='lat' dir='ltr'>Neque</span> <span class='ocrx_word' id='word_1_352' title='bbox 756 3921 843 3984; x_wconf 91' lang='lat' dir='ltr'>euim</span> <span class='ocrx_word' id='word_1_353' title='bbox 858 3921 959 4002; x_wconf 82' lang='lat' dir='ltr'>magis</span> <span class='ocrx_word' id='word_1_354' title='bbox 974 3919 1114 3984; x_wconf 92' lang='lat' dir='ltr'>bominis</span> <span class='ocrx_word' id='word_1_355' title='bbox 1129 3937 1181 3984; x_wconf 91' lang='lat' dir='ltr'>res</span> <span class='ocrx_word' id='word_1_356' title='bbox 1197 3924 1245 3982; x_wconf 88' lang='lat' dir='ltr'>est</span> <span class='ocrx_word' id='word_1_357' title='bbox 1260 3920 1395 3984; x_wconf 88' lang='lat' dir='ltr'>laterum</span> <span class='ocrx_word' id='word_1_358' title='bbox 1412 3933 1507 3996; x_wconf 91' lang='lat' dir='ltr'>quam</span> 
     </span>
     <span class='ocr_line' id='line_1_42' title="bbox 389 4002 1507 4087; baseline -0.004 -17"><span class='ocrx_word' id='word_1_359' title='bbox 389 4005 512 4087; x_wconf 85' lang='lat' dir='ltr'>ingenii</span> <span class='ocrx_word' id='word_1_360' title='bbox 532 4006 632 4082; x_wconf 92' lang='lat' dir='ltr'>labor,</span> <span class='ocrx_word' id='word_1_361' title='bbox 651 4015 711 4072; x_wconf 85' lang='lat' dir='ltr'>nec</span> <span class='ocrx_word' id='word_1_362' title='bbox 727 4009 832 4072; x_wconf 90' lang='lat' dir='ltr'>minus</span> <span class='ocrx_word' id='word_1_363' title='bbox 849 4009 925 4073; x_wconf 89' lang='lat' dir='ltr'>utile</span> <span class='ocrx_word' id='word_1_364' title='bbox 940 4010 1084 4073; x_wconf 92' lang='lat' dir='ltr'>omnium</span> <span class='ocrx_word' id='word_1_365' title='bbox 1101 4002 1258 4080; x_wconf 87' lang='lat' dir='ltr'>societati,</span> <span class='ocrx_word' id='word_1_366' title='bbox 1277 4013 1401 4071; x_wconf 91' lang='lat' dir='ltr'>certare</span> <span class='ocrx_word' id='word_1_367' title='bbox 1418 4007 1507 4086; x_wconf 81' lang='lat' dir='ltr'>inge-</span> 
     </span>
     <span class='ocr_line' id='line_1_43' title="bbox 390 4093 1507 4178; baseline -0.003 -20"><span class='ocrx_word' id='word_1_368' title='bbox 390 4095 458 4169; x_wconf 89' lang='lat' dir='ltr'>nio,</span> <span class='ocrx_word' id='word_1_369' title='bbox 476 4113 571 4176; x_wconf 94' lang='lat' dir='ltr'>quam</span> <span class='ocrx_word' id='word_1_370' title='bbox 586 4096 716 4178; x_wconf 90' lang='lat' dir='ltr'>pedibus</span> <span class='ocrx_word' id='word_1_371' title='bbox 732 4099 779 4164; x_wconf 87' lang='lat' dir='ltr'>vel</span> <span class='ocrx_word' id='word_1_372' title='bbox 794 4099 949 4162; x_wconf 90' lang='lat' dir='ltr'>manibus.</span> <span class='ocrx_word' id='word_1_373' title='bbox 964 4099 1048 4178; x_wconf 80' lang='lat' dir='ltr'>Ergo</span> <span class='ocrx_word' id='word_1_374' title='bbox 1060 4096 1291 4161; x_wconf 85' lang='lat' dir='ltr'>admittendum</span> <span class='ocrx_word' id='word_1_375' title='bbox 1303 4101 1351 4159; x_wconf 85' lang='lat' dir='ltr'>est</span> <span class='ocrx_word' id='word_1_376' title='bbox 1364 4093 1507 4158; x_wconf 88' lang='lat' dir='ltr'>inanimi</span> 
     </span>
     <span class='ocr_line' id='line_1_44' title="bbox 392 4183 1509 4265; baseline -0.003 -18"><span class='ocrx_word' id='word_1_377' title='bbox 392 4183 549 4248; x_wconf 84' lang='lat' dir='ltr'>laboribus</span> <span class='ocrx_word' id='word_1_378' title='bbox 564 4192 596 4250; x_wconf 88' lang='lat' dir='ltr'>et</span> <span class='ocrx_word' id='word_1_379' title='bbox 607 4185 762 4251; x_wconf 80' lang='lat' dir='ltr'>fructibus</span> <span class='ocrx_word' id='word_1_380' title='bbox 779 4187 864 4251; x_wconf 90' lang='lat' dir='ltr'>aliud</span> <span class='ocrx_word' id='word_1_381' title='bbox 881 4187 1015 4251; x_wconf 87' lang='lat' dir='ltr'>dominii</span> <span class='ocrx_word' id='word_1_382' title='bbox 1031 4186 1285 4259; x_wconf 82' lang='lat' dir='ltr'>fundamentum,</span> <span class='ocrx_word' id='word_1_383' title='bbox 1299 4185 1425 4264; x_wconf 89' lang='lat' dir='ltr'>aliaque</span> <span class='ocrx_word' id='word_1_384' title='bbox 1435 4199 1509 4265; x_wconf 88' lang='lat' dir='ltr'>pro-</span> 
     </span>
     <span class='ocr_line' id='line_1_45' title="bbox 390 4270 1506 4358; baseline -0.004 -20"><span class='ocrx_word' id='word_1_385' title='bbox 390 4273 509 4357; x_wconf 90' lang='lat' dir='ltr'>prietas</span> <span class='ocrx_word' id='word_1_386' title='bbox 523 4275 701 4340; x_wconf 89' lang='lat' dir='ltr'>statuenda.</span> <span class='ocrx_word' id='word_1_387' title='bbox 711 4275 791 4353; x_wconf 84' lang='lat' dir='ltr'>Quis</span> <span class='ocrx_word' id='word_1_388' title='bbox 807 4276 906 4349; x_wconf 88' lang='lat' dir='ltr'>enim,</span> <span class='ocrx_word' id='word_1_389' title='bbox 922 4275 955 4339; x_wconf 94' lang='lat' dir='ltr'>in</span> <span class='ocrx_word' id='word_1_390' title='bbox 968 4275 1162 4358; x_wconf 87' lang='lat' dir='ltr'>expoliendis</span> <span class='ocrx_word' id='word_1_391' title='bbox 1175 4274 1295 4339; x_wconf 88' lang='lat' dir='ltr'>artibus</span> <span class='ocrx_word' id='word_1_392' title='bbox 1308 4272 1355 4336; x_wconf 90' lang='lat' dir='ltr'>vel</span> <span class='ocrx_word' id='word_1_393' title='bbox 1368 4270 1506 4353; x_wconf 87' lang='lat' dir='ltr'>scriptis,</span> 
     </span>
     <span class='ocr_line' id='line_1_46' title="bbox 389 4359 1505 4450; baseline -0.004 -22"><span class='ocrx_word' id='word_1_394' title='bbox 389 4364 457 4428; x_wconf 91' lang='lat' dir='ltr'>dies</span> <span class='ocrx_word' id='word_1_395' title='bbox 478 4360 645 4450; x_wconf 80' lang='lat' dir='ltr'>noctesque</span> <span class='ocrx_word' id='word_1_396' title='bbox 661 4363 811 4440; x_wconf 81' lang='lat' dir='ltr'>insumet,</span> <span class='ocrx_word' id='word_1_397' title='bbox 830 4365 899 4446; x_wconf 90' lang='lat' dir='ltr'>quis</span> <span class='ocrx_word' id='word_1_398' title='bbox 921 4365 1022 4428; x_wconf 91' lang='lat' dir='ltr'>animi</span> <span class='ocrx_word' id='word_1_399' title='bbox 1038 4363 1199 4445; x_wconf 82' lang='lat' dir='ltr'>angustias</span> <span class='ocrx_word' id='word_1_400' title='bbox 1218 4367 1251 4426; x_wconf 89' lang='lat' dir='ltr'>et</span> <span class='ocrx_word' id='word_1_401' title='bbox 1272 4359 1505 4432; x_wconf 86' lang='lat' dir='ltr'>contentiones,</span> 
     </span>
    </p>

    <p class='ocr_par' dir='ltr' id='par_1_16' title="bbox 389 4450 1509 4536">
     <span class='ocr_line' id='line_1_47' title="bbox 389 4450 1509 4536; baseline -0.006 -17"><span class='ocrx_word' id='word_1_402' title='bbox 389 4453 459 4536; x_wconf 90' lang='lat' dir='ltr'>quis</span> <span class='ocrx_word' id='word_1_403' title='bbox 474 4453 674 4536; x_wconf 73' lang='lat' dir='ltr'>gravissimas</span> <span class='ocrx_word' id='word_1_404' title='bbox 696 4453 883 4534; x_wconf 92' lang='lat' dir='ltr'>quandoque</span> <span class='ocrx_word' id='word_1_405' title='bbox 899 4454 1058 4534; x_wconf 91' lang='lat' dir='ltr'>impensas</span> <span class='ocrx_word' id='word_1_406' title='bbox 1075 4453 1168 4527; x_wconf 85' lang='lat' dir='ltr'>ferat,</span> <span class='ocrx_word' id='word_1_407' title='bbox 1186 4451 1213 4516; x_wconf 92' lang='lat' dir='ltr'>si</span> <span class='ocrx_word' id='word_1_408' title='bbox 1229 4450 1294 4514; x_wconf 92' lang='lat' dir='ltr'>iam</span> <span class='ocrx_word' id='word_1_409' title='bbox 1314 4455 1459 4514; x_wconf 90' lang='lat' dir='ltr'>auctores</span> <span class='ocrx_word' id='word_1_410' title='bbox 1474 4467 1509 4512; x_wconf 90' lang='lat' dir='ltr'>o-</span> 
     </span>
    </p>

    <p class='ocr_par' dir='ltr' id='par_1_17' title="bbox 390 4538 1509 4631">
     <span class='ocr_line' id='line_1_48' title="bbox 390 4538 1509 4631; baseline -0.004 -26"><span class='ocrx_word' id='word_1_411' title='bbox 390 4542 473 4610; x_wconf 88' lang='lat' dir='ltr'>leum</span> <span class='ocrx_word' id='word_1_412' title='bbox 493 4547 587 4631; x_wconf 89' lang='lat' dir='ltr'>atque</span> <span class='ocrx_word' id='word_1_413' title='bbox 603 4558 734 4625; x_wconf 89' lang='lat' dir='ltr'>operam</span> <span class='ocrx_word' id='word_1_414' title='bbox 749 4542 899 4626; x_wconf 80' lang='lat' dir='ltr'>perdant?</span> <span class='ocrx_word' id='word_1_415' title='bbox 918 4543 996 4608; x_wconf 88' lang='lat' dir='ltr'>Esto</span> <span class='ocrx_word' id='word_1_416' title='bbox 1013 4543 1060 4608; x_wconf 91' lang='lat' dir='ltr'>ius</span> <span class='ocrx_word' id='word_1_417' title='bbox 1082 4540 1244 4608; x_wconf 90' lang='lat' dir='ltr'>societatis</span> <span class='ocrx_word' id='word_1_418' title='bbox 1260 4541 1292 4604; x_wconf 94' lang='lat' dir='ltr'>in</span> <span class='ocrx_word' id='word_1_419' title='bbox 1310 4539 1350 4602; x_wconf 87' lang='lat' dir='ltr'>iis</span> <span class='ocrx_word' id='word_1_420' title='bbox 1367 4538 1509 4602; x_wconf 83' lang='lat' dir='ltr'>fruendis</span> 
     </span>
    </p>
   </div>
   <div class='ocr_carea' id='block_1_7' title="bbox 0 0 1634 5282">
    <p class='ocr_par' dir='ltr' id='par_1_18' title="bbox 0 0 1634 5282">
     <span class='ocr_line' id='line_1_49' title="bbox 0 0 1634 5282; baseline 0 0"><span class='ocrx_word' id='word_1_421' title='bbox 0 0 1634 5282; x_wconf 95' lang='lat' dir='ltr'> </span> 
     </span>
    </p>
   </div>
  </div>
 </body>
</html>
