3238 5282
425 255 491 326 elo
858 278 956 329 eman
971 277 1020 330 nr.

377 423 559 491 extulerunt
583 429 743 501 naturam,
769 443 827 512 nec
843 430 937 507 pacto
952 424 1144 492 devinctam.
1162 423 1258 490 Hisce
1274 426 1402 510 positis,
1421 445 1504 509 quae

377 513 463 594 pacti
479 514 545 578 vim
560 519 594 579 et
606 519 752 580 naturam
768 515 1066 599 alliciuntpetimur
1077 531 1158 597 quae
1169 514 1304 578 societas
1316 515 1366 581 vel
1382 517 1504 582 consti-

377 603 425 666 tui
441 601 488 666 vel
505 602 685 668 conservari
698 604 810 686 possit.
822 603 954 683 Contra,
964 605 1018 687 qui
1037 622 1100 668 non
1115 607 1209 685 pacto
1221 605 1397 670 voluntatis
1411 624 1501 680 suae,

376 692 431 756 sed
447 690 531 757 lacto
545 690 706 760 Creatoris
720 694 806 758 lilius
822 694 964 758 lamiliae
978 698 1012 760 et
1025 692 1188 758 societatis
1203 694 1384 759 membrum
1396 696 1504 776 gigui-

378 784 442 858 tur,
460 781 600 846 eiusdem
616 779 776 848 Creatoris
792 783 874 866 lege,
894 799 956 846 non
972 782 1070 847 libera
1085 781 1135 846 sui
1149 782 1318 857 electione,
1334 785 1505 866 utriusque

375 868 529 934 beneficia
544 876 577 936 et
590 871 662 935 iura
676 872 849 954 suscipiens
865 871 1116 952 iulans,utrique
1131 872 1241 936 statim
1257 877 1291 936 et
1307 890 1453 954 semper,
1468 881 1503 940 ut

377 974 448 1040 pars
459 976 516 1023 suo
529 959 687 1036 universo,
696 961 907 1042 mancipatur.
920 960 1061 1033 Scilicet,
1075 960 1132 1041 qui
1144 977 1201 1025 nec
1214 959 1311 1024 libere
1325 963 1500 1038 nascimur,

377 1065 435 1112 uec
450 1048 596 1116 libertate
608 1055 715 1114 nostra
734 1067 791 1116 nec
805 1049 973 1133 pact0,scd
988 1055 1122 1114 naturae
1137 1049 1217 1131 lege,
1233 1051 1401 1116 societatis
1413 1071 1503 1118 com·

377 1137 469 1201 moda
486 1138 526 1201 ed
541 1137 742 1204 incommoda
757 1140 958 1222 suscipimus.

466 1226 597 1292 XXlll:
610 1227 673 1294 Cur
684 1229 791 1311 itaque
802 1229 967 1295 inventum
983 1232 1032 1292 est
1046 1232 1186 1309 paetum,
1200 1227 1375 1303 excultum,
1395 1235 1502 1295 reten-

378 1315 547 1395 luleuia
563 1317 667 1382 inille
683 1335 780 1382 vacuo
792 1320 936 1400 quisque,
946 1321 982 1382 ut
993 1317 1083 1399 pueri
1094 1316 1206 1380 clausis
1218 1317 1331 1390 oculis,
1346 1319 1502 1403 quidquid

376 1404 483 1469 animo
496 1406 730 1489 concupiverat,
741 1406 801 1470 sibi
809 1407 988 1488 effingebat:
1000 1405 1400 1490 tyrannidcmllobbesius,
1410 1426 1504 1474 anar-

375 1492 481 1558 chiam
496 1496 714 1560 Romscavius.
733 1496 856 1560 Deinde
871 1501 907 1561 ut
923 1495 1058 1577 imperia
1073 1495 1174 1576 pactis
1189 1492 1378 1570 constituta,
1398 1497 1502 1579 pactis

376 1582 634 1650 dissolverentur:
653 1585 798 1658 «Homo,
816 1585 932 1666 incipit
947 1587 1119 1661 Rousseau,
1129 1584 1209 1648 liber
1220 1584 1374 1662 nascitur,
1385 1591 1420 1651 et
1432 1586 1502 1651 ubi·

376 1691 437 1755 que
445 1673 565 1738 catenis
573 1673 780 1756 adstringitur
789 1671 829 1756 1).
842 1673 1019 1740 »Omnium
1029 1673 1097 1737 fere
1106 1690 1186 1748 mos,
1199 1690 1261 1736 non
1270 1690 1385 1738 serena
1393 1681 1502 1740 mente

376 1763 537 1828 societatis
554 1763 712 1845 originem
721 1765 918 1845 perquirere,
927 1762 981 1826 sed
990 1761 1179 1826 obnubilare
1190 1767 1326 1839 mentes,
1339 1765 1502 1845 passiones

376 1852 587 1917 inflammare.
603 1852 766 1918 Maiestati
783 1851 888 1916 minus
903 1851 1037 1917 intensis
1054 1850 1147 1915 lacile
1163 1850 1266 1915 visum
1281 1856 1340 1925 cst,
1360 1869 1402 1918 ex
1418 1855 1501 1918 anti·

376 1941 530 2023 quissimo
545 1941 600 2005 illo
614 1959 694 2005 nova
709 1945 800 2023 pacta
816 1941 986 2014 eliciendo,
1004 1940 1139 2022 imperia
1155 1957 1302 2004 coercere
1317 1957 1356 2005 ac
1372 1959 1498 2006 vexare.

338 2051 342 2061 ’
376 2031 497 2096 Revera
508 2047 580 2094 cum
595 2029 752 2110 ingestum
767 2029 866 2096 luerit
881 2029 1017 2113 populis,
1028 2047 1062 2093 se
1072 2030 1120 2108 rel
1131 2033 1238 2110 patres
1250 2047 1323 2094 cum
1336 2029 1502 2112 imperan-

377 2119 472 2193 tibus,
490 2118 586 2183 veluti
601 2135 673 2182 cum
689 2119 870 2200 aequalibus
886 2119 1094 2193 contraxisse,
1111 2118 1291 2200 itemmque
1306 2119 1501 2184 contrahere

377 2225 480 2290 posse,
497 2206 637 2272 concidit
659 2207 856 2289 obsequium,
873 2208 921 2273 vis
945 2208 1001 2273 illa
1016 2207 1146 2273 moralis
1165 2224 1226 2291 qua
1241 2212 1353 2287 gentes
1374 2208 1501 2289 placide

378 2295 595 2371 continentur,
603 2299 694 2379 pacta
710 2296 824 2379 pactis,
834 2301 1016 2380 statutaque
1030 2296 1159 2363 statutis
1169 2302 1388 2362 successerunt
1404 2299 1501 2363 irrito

377 2390 505 2462 conatu,
524 2385 624 2451 donee
639 2385 722 2449 nibil
736 2385 925 2452 consisteret
939 2385 1132 2452 incivitate.

344 2522 353 2538 .
467 2473 590 2542 xxlv.
607 2475 693 2541 llaec
709 2475 759 2542 ita
770 2474 963 2556 colligimus.
983 2475 1016 2540 1.
1034 2474 1155 2542 Contra
1169 2491 1281 2540 ornnes
1295 2472 1396 2550 ideas,
1413 2493 1503 2540 recc-

378 2568 513 2646 ptosque
534 2563 713 2646 linguamm
729 2581 812 2639 usus,
831 2563 968 2646 quadam
984 2564 1036 2629 die
1051 2581 1093 2628 ex
1114 2567 1207 2646 pacto
1222 2563 1347 2638 sociali,
1365 2565 1504 2646 populus

374 2672 415 2718 cx
428 2653 554 2718 subdito
574 2653 675 2719 lactus
690 2657 738 2718 est
751 2653 926 2735 imperans,
940 2653 1102 2734 imperans
1113 2669 1187 2718 vero
1196 2651 1352 2718 subditus:
1366 2654 1503 2718 invento

374 2743 529 2807 nimirum
545 2747 637 2824 pacto
648 2743 789 2820 unionis,
804 2741 919 2807 deinde
935 2741 1132 2808 voluntariae
1143 2741 1354 2816 subiectionis,
1368 2743 1502 2806 tandem

373 2833 613 2898 commissionis.
633 2832 668 2895 2.
683 2831 859 2914 imperanti
874 2830 1036 2914 adscripta
1051 2834 1126 2895 sunt
1140 2831 1377 2913 officic‚populo
1393 2835 1502 2895 autem

372 2921 460 2987 iuro:
477 2921 589 2986 statuit
610 2921 758 3002 populus,
778 2920 927 3002 princeps
950 2921 1132 3004 exequitur.
1149 2920 1239 2986 liant
1253 2920 1335 2984 iuris
1348 2919 1501 2984 concedit

372 3010 571 3084 vocabulum,
591 3009 764 3074 dummodo
780 3009 889 3092 populi
904 3009 948 3074 sit
962 3008 1148 3090 imperium:
1170 3027 1188 3072 u
1205 3007 1278 3084 Ilici
1293 3012 1400 3091 potest
1414 3009 1499 3090 quod

258 3179 260 3182 Ι
371 3100 519 3182 princeps
536 3099 619 3164 nihil
634 3097 741 3173 habet,
753 3098 833 3162 nibil
849 3097 1002 3180 possidet3
1013 3097 1068 3162 sed
1080 3101 1185 3180 potest
1196 3115 1321 3182 quoque
1336 3097 1401 3162 dici
1414 3098 1500 3180 quod

144 3199 171 3274 al
197 3199 352 3259 Elementa
372 3190 482 3254 omnia
497 3188 623 3266 habeat,
643 3204 741 3271 quum
757 3189 809 3251 ius
823 3195 967 3252 cccrccul
978 3187 1094 3268 populi
1109 3184 1153 3269 2).
1170 3205 1188 3249 a
1205 3185 1387 3252 Verborum
1402 3187 1498 3252 lusus:

121 3277 353 3350 metaph-iaris·
371 3277 420 3342 ius
434 3277 529 3344 babet
542 3277 651 3360 populi
668 3276 800 3345 arbitria
818 3276 867 3341 vel
882 3280 1051 3358 praecepta
1066 3275 1254 3357 exequendi.
1273 3271 1308 3341 3.
1326 3273 1434 3356 Quum
1452 3277 1501 3340 ni-

119 3351 209 3428 lmld·
371 3365 417 3430 hil
433 3366 547 3431 habeat
565 3365 709 3431 naturale
725 3364 859 3431 societas
875 3366 1021 3448 politica,
1038 3365 1093 3428 sed
1109 3363 1289 3429 voluntaria
1304 3364 1349 3428 sit
1364 3369 1399 3429 et
1412 3365 1499 3448 posi-

371 3455 477 3530 tiva,a
493 3460 709 3520 mercatorum
725 3454 878 3520 societate
893 3455 1027 3520 minime
1035 3453 1227 3528 secernitur,
1237 3469 1319 3535 quae
1330 3471 1404 3518 cum
1412 3455 1499 3518 nollo

371 3544 435 3609 lixo
450 3547 595 3626 tempore
611 3543 894 3625 contineatur,prd
907 3543 1000 3609 libitu
1012 3541 1131 3625 repetit
1142 3541 1358 3624 unusquisque
1369 3557 1407 3606 ea
1418 3557 1500 3623 quae

371 3633 562 3697 contulerat:
582 3631 774 3712 libertatem,
793 3631 1087 3714 independentiam,
1103 3631 1138 3695 in
1154 3635 1266 3696 nostro
1276 3648 1362 3696 casu.
1376 3630 1499 3696 Discri-

369 3738 443 3785 men
458 3720 519 3785 hoc
531 3721 684 3785 naturalis
700 3727 733 3787 et
745 3721 941 3802 necessariae
953 3720 1340 3793 hominum'societatis,a
1355 3719 1499 3800 particu-

122 3813 352 3950 difflui&
370 3809 488 3964 {basillus
503 3813 537 3960 qt
552 3809 739 3876 voluntariis
754 3810 1094 3964 ffiffiqtattibushmque
1108 3809 1245 3964 αᾶῖεηίι
1260 3807 1446 3964 spzdgieri·
1452 3803 1495 3890 3).

231 3940 239 3958 .
274 3911 310 3949 r.
342 3934 350 3967 ,
397 3946 405 3963 .
448 3913 559 3980 opuus
575 3915 639 3962 nun
663 3915 783 3964 uamre
848 3917 893 3964 a:
924 3917 964 3964 uo
997 3914 1151 3964 suumera
1170 3915 1338 3972 ‚resum1.
1374 3914 1497 3962 uarrru:

127 3982 153 4025 ⁰·
170 3965 215 4040 ¹⁷³
229 3975 257 4037 3·
274 3972 321 4028 ²⁶·
371 3986 525 4061 extutela
539 3919 714 4067 egrediiur.
730 3988 843 4053 Adhuc
857 3920 1036 4053 suliiimius:
1051 3987 1215 4070 principes
1226 4005 1297 4052 rem
1306 3986 1435 4069 populis
1446 4003 1498 4050 rc·

373 4077 524 4151 mittant,
548 4075 733 4158 priusquam
753 4077 787 4141 hi
811 4077 900 4143 illam
921 4081 1132 4163 extorqueant
1156 4075 1211 4164 (a).
1237 4075 1382 4152 Scilicet,
1408 4075 1498 4141 noris

450 4236 489 4312 lu)
503 4240 582 4297 Anno
600 4237 682 4312 1785,
691 4238 793 4298 diarius
806 4237 916 4315 quidem
930 4238 1098 4298 Berlincnsis
1109 4237 1330 4296 dissertationem
1345 4236 1497 4312 evulgare·

373 4321 426 4374 rat:
435 4319 520 4374 Il'occ
530 4313 690 4382 methodus,
701 4331 762 4389 quo
771 4319 924 4392 principes
935 4313 1196 4374 immortalitatem
1210 4313 1496 4389 adipiscanturdn·

375 4407 410 4448 no
426 4395 508 4466 rste,
527 4388 605 4448 ilulae
618 4392 750 4464 quaedam
764 4390 955 4464 ephemerides
964 4391 1101 4463 principes
1115 4390 1264 4448 exorabant
1276 4389 1319 4446 rel
1335 4389 1494 4459 monebant,

374 4474 406 4524 ut
418 4473 511 4540 prlmt
526 4462 637 4525 cottae
650 4469 726 4524 ctces
732 4467 804 4540 pert
818 4465 933 4526 cellcul.
950 4465 1021 4527 Novi
1030 4466 1153 4526 homines
1171 4464 1237 4525 nihil
1252 4467 1428 4540 invenerunt,
1448 4463 1495 4522 scd

373 4544 498 4617 antiquos
513 4547 640 4616 parentes
656 4542 871 4616 exscripserunt.
