3222 5282
883 325 978 374 Libuit
994 325 1016 372 l.
1057 379 1060 382 ,

781 553 1045 632 TITULUS
1081 553 1124 627 ll.

450 737 484 786 {N
501 733 775 786 bremuncurte
791 733 927 792 raptres
942 734 1025 786 SUNT
1039 733 1203 786 PRlNGlPlA
1218 733 1361 788 AETERM
1376 736 1453 788 vnn!

558 825 601 888 ΕΤ
616 824 707 890 BQM,
724 822 815 884 Quen
831 823 864 872 tlt
880 824 956 876 turta
971 824 1121 875 GENl'lUH
1137 822 1344 875 EVASERUNT.

472 984 494 1040 l.
510 981 797 1056 acquicinotensis
810 970 914 1054 origine
928 979 1063 1054 idearum,
1077 980 1190 1056 quilibet
1203 980 1281 1040 error'
1293 982 1508 1056 philosophicus,

396 1058 506 1118 moralis
518 1057 560 1116 vel
576 1058 702 1129 politicus
715 1057 842 1115 retertur.
858 1058 894 1113 ll.
907 1057 986 1116 ldeae
999 1056 1162 1130 aprincipiis
1172 1059 1366 1116 secernendae.
1378 1059 1426 1117 lll.
1438 1061 1509 1130 Quid

396 1133 527 1209 divinum,
543 1143 654 1191 naturae
668 1132 791 1190 rationali
808 1131 933 1205 inditum,
950 1134 1081 1205 persentit
1094 1141 1193 1190 nutura
1213 1134 1282 1207 ipsa,
1300 1132 1355 1205 sed,
1370 1133 1508 1194 difficilius

395 1211 553 1282 inquiritur.
569 1210 612 1267 lll.
627 1209 705 1266 liatio
715 1209 824 1280 lingum
832 1223 894 1264 esse
904 1225 919 1265 a
929 1209 985 1266 Deo
995 1209 1035 1266 vel
1045 1221 1095 1280 per
1104 1209 1314 1283 emanationem,
1326 1207 1369 1266 rel
1382 1225 1431 1281 per
1440 1212 1509 1268 sub·

396 1286 513 1342 stantiae
527 1285 771 1356 participationem,
786 1285 818 1341 v.
826 1290 870 1340 est
884 1297 949 1340 vero
965 1299 1014 1355 per
1025 1285 1082 1340 eius
1096 1283 1311 1356 similitudinem,
1323 1290 1351 1342 et
1362 1300 1412 1356 per
1424 1287 1508 1344 divini

397 1359 507 1417 luminis
520 1359 811 1418 collustrationemlll.
823 1359 925 1416 Lumen
935 1358 1075 1418 illustrem
1088 1367 1131 1418 est
1144 1357 1298 1417 intellectus
1308 1361 1364 1418 liei.
1376 1361 1434 1420 vir.
1447 1364 1507 1422 Hoc

396 1435 508 1508 lumine,
524 1437 645 1494 notiones
663 1432 800 1492 naturales
816 1434 967 1492 bominibus
983 1435 1152 1492 revelantur.
1173 1435 1245 1493 lllll.
1260 1434 1337 1504 Quod
1350 1437 1379 1492 iit
1392 1452 1442 1507 per
1454 1439 1509 1494 im·

396 1513 567 1582 pressionem
580 1518 607 1569 et
620 1510 699 1568 divini
714 1509 823 1566 luminis
837 1509 1038 1568 immissionem.
1054 1511 1101 1567 lx,
1113 1510 1198 1566 Huius
1208 1508 1345 1566 irradiatio
1355 1516 1384 1567 et
1393 1514 1509 1569 certitu-

395 1586 431 1644 do
444 1586 608 1644 declaretur.
621 1586 655 1644 X.
673 1585 859 1642 Pantheismus
873 1585 978 1655 idealis,
997 1585 1089 1642 ltaliae
1103 1584 1257 1654 imminens,
1272 1592 1509 1656 praecaveturat·

389 1677 447 1733 ¹que
455 1662 630 1733 praeciditur.
640 1660 800 1718 Xl.Verltns
809 1662 897 1730 prima
907 1660 1082 1730 estVerbnm,
1093 1660 1410 1719 revolansuoturctlter
1419 1667 1448 1718 et
1457 1679 1510 1719 sar·

393 1735 1104 1870 titileittdttittt⁰itiitere
1115 1736 1510 1870 ltttttitttitttit

395 1887 444 1943 tia.
455 1888 521 1946 xlv.
534 1889 590 1947 Hac
603 1887 761 1952 revelentur
771 1852 901 1960 prinei’pin
913 1854 1145 1960 tutelltptbilium
1154 1893 1182 1942 et
1191 1885 1359 1960 scibilium:
1369 1888 1425 1946 xv.
1438 1873 1510 1946 edu·

395 1962 501 2018 cutione
515 1968 606 2019 tamen
620 1961 778 2018 excolenda.
795 1961 863 2017 xvi.
879 1959 980 2020 ludltas
994 1963 1129 2036 notiones,
1144 1961 1223 2018 dictis
1242 1968 1289 2018 aut
1301 1963 1378 2019 lactis
1391 1977 1509 2034 expres·

395 2045 491 2094 serunt
503 2037 593 2108 legum
605 2036 717 2108 latores,
731 2036 813 2092 llvll.
829 2035 989 2107 philosophi,
1005 2033 1101 2094 xvrli.
1115 2053 1148 2094 ac
1161 2035 1228 2094 bene
1239 2043 1360 2094 moratae
1372 2040 1507 2095 notiones.

396 2111 469 2168 Xlll.
485 2112 646 2170 Carmente
665 2118 693 2168 et
706 2110 833 2168 cordibus
847 2111 953 2168 infixae.
969 2111 1028 2170 xx.
1043 2112 1117 2184 Ergo
1136 2113 1293 2170 societatem
1306 2127 1415 2170 omnem
1428 2121 1510 2174 ante·

396 2193 514 2263 vertunt,
530 2188 721 2262 hominumque
736 2185 900 2264 pactionem,
915 2187 1048 2261 principia
1062 2188 1142 2261 aequi
1154 2193 1183 2245 et
1195 2187 1267 2244 boni.

484 2341 512 2406 1.
526 2342 564 2407 ln
578 2345 708 2407 naturae
718 2341 998 2424 contemplatione,
1013 2359 1078 2406 non
1088 2338 1201 2408 ultima
1215 2357 1249 2406 se
1259 2339 1354 2408 orest
1365 2341 1510 2424 quaestio

391 2428 435 2494 de
449 2429 574 2511 origine
589 2429 742 2505 idearum,
756 2430 796 2494 ad
810 2449 905 2512 quam
919 2431 1047 2496 demum
1062 2429 1233 2512 quemlibet
1247 2447 1389 2495 errorem
1403 2430 1511 2514 pbilo-

393 2519 571 2599 sophicnm‚
588 2519 742 2584 moralem
752 2519 802 2586 vel
814 2520 981 2600 politicum
995 2517 1121 2593 reterri,
1135 2535 1229 2584 nemo
1239 2519 1375 2602 prudens
1386 2518 1510 2586 inlicie-

393 2613 459 2673 tur.
468 2607 502 2675 Si
513 2609 599 2673 enim
611 2606 692 2672 nihil
701 2608 780 2674 certi
797 2612 829 2674 et
843 2608 918 2675 boni
932 2626 973 2674 ex
986 2625 1020 2672 se
1035 2607 1160 2673 hauriat
1173 2607 1309 2672 bumana
1324 2612 1449 2684 natura,
1459 2608 1510 2672 ni-

391 2695 438 2760 bil
450 2714 593 2780 'unquam
607 2696 674 2762 veri
691 2700 724 2762 et
737 2697 821 2763 certi
831 2696 999 2762 habebitur
1013 2695 1048 2760 in
1059 2696 1226 2762 hominum
1240 2696 1307 2760 rita
1321 2713 1358 2761 ac
1372 2697 1510 2762 societa-

390 2789 436 2850 te.
449 2785 493 2852 Et
508 2805 545 2851 re·
556 2784 684 2868 quidem
700 2803 784 2859 vera,
801 2784 857 2868 qui
871 2783 1059 2850 universalia
1075 2790 1108 2850 et
1123 2785 1185 2849 lixa
1197 2787 1329 2850 naturae
1339 2785 1510 2850 iuraexte·

391 2879 504 2950 nuent,
514 2875 597 2958 ipsas
612 2873 647 2938 in
658 2891 713 2939 sun
729 2873 855 2956 origine
871 2873 957 2938 ideas
973 2871 1171 2938 adoriuntur.
1188 2873 1291 2953 Quam
1307 2873 1391 2938 viam
1404 2875 1510 2955 aperit

391 2963 641 3036 rationationem,
649 2963 704 3046 qui
716 2962 904 3028 subiectivas
915 2961 1063 3044 cujusque
1074 2961 1159 3026 ideas
1170 2961 1460 3044 pro-cognitionum
1475 2966 1510 3026 et

388 3051 509 3117 iunium
522 3054 615 3118 unico
626 3050 717 3117 fonte
730 3056 908 3127 veneratur,
923 3056 1054 3117 externa
1066 3050 1208 3134 ablegata
1219 3049 1509 3117 tomeritatesub-

344 3166 349 3173 ’
387 3141 534 3224 sequitur
549 3159 637 3217 uero,
647 3139 767 3207 Kantio
779 3141 870 3216 duce,
881 3140 1081 3216 criticismus,
1095 3140 1151 3222 qui
1162 3138 1394 3220 intelligentiae
1408 3142 1443 3202 et
1457 3155 1509 3202 re·

390 3232 488 3298 tionis
502 3231 649 3298 criticam
663 3235 860 3313 pertentans,
874 3248 939 3294 non
950 3229 1053 3295 solum
1065 3227 1163 3292 realia
1174 3227 1315 3291 idearum
1323 3227 1461 3302 obiecta,
1471 3235 1509 3292 ut

387 3322 581 3396 idmtismue
599 3321 634 3384 in
649 3336 743 3402 quem
754 3319 820 3385 cito
833 3319 969 3384 vertitur
979 3317 1230 3390 reticentiam,
1243 3315 1297 3379 sed
1307 3315 1441 3381 rationis
1453 3332 1510 3379 au·

388 3410 584 3483 ctoritatem‚
593 3409 751 3490 ipsiusque
765 3408 971 3473 existentiam
985 3403 1226 3488 pessumdatlc).
1235 3405 1305 3470 lmo
1320 3403 1405 3468 idem
1419 3403 1509 3470 Kan-

388 3496 464 3570 tius,
475 3495 692 3561 inElementis
707 3494 940 3578 metaphysieae
952 3493 1233 3574 iuri'sprudentiae,
1243 3491 1509 3575 perturbatricem

388 3601 477 3648 snam
486 3584 670 3649 methodum
682 3581 831 3663 explicite
841 3582 992 3662 adlegum
1003 3581 1162 3661 originem
1173 3585 1371 3654 convertens,
1382 3579 1511 3646 univer-

386 3689 455 3736 sam
474 3672 690 3736 labelaetasset
703 3670 995 3752 iurisprudentiam
1014 3669 1078 3734 nisi
1092 3687 1200 3734 sensus
1219 3668 1348 3749 moralis
1363 3669 1394 3733 ei
1409 3687 1511 3752 quan·

387 3761 490 3842 doque
503 3759 593 3824 lrene
610 3758 966 3825 iniecissetcartesium
981 3758 1128 3839 excipere
1138 3759 1299 3823 vellemus:
1309 3757 1363 3822 sed
1378 3775 1435 3822 suo
1450 3758 1510 3823 illo

387 3849 483 3916 dubio
496 3835 680 3923 universali,
691 3847 751 3913 etsi
759 3848 958 3932 hypotetieo,
968 3851 1040 3928 post
1055 3845 1231 3912 Lutberum
1246 3847 1368 3930 primus
1383 3846 1511 3911 idealis-

387 3939 434 4004 mi
450 3943 483 4004 et
498 3936 711 4003 rationalismi
725 3937 847 4002 semina
860 3936 980 4020 posuit.

477 4028 522 4093 11.
539 4027 587 4092 De
602 4025 672 4090 iure
687 4026 787 4108 igitur
801 4025 980 4110 quaerenti,
995 4023 1099 4108 prima
1119 4021 1173 4088 illa
1193 4041 1226 4088 se
1241 4023 1336 4089 offert
1350 4023 1508 4108 quaestio:

465 4187 505 4262 (a)
526 4187 716 4260 cognitionum
733 4187 913 4244 humanarum
927 4185 1023 4244 critica
1034 4183 1312 4250 transcendentem,
1327 4183 1399 4241 idest
1413 4201 1512 4243 sensus

390 4273 536 4335 corporeos
550 4264 739 4336 trescendens,
755 4263 811 4320 fieri
825 4260 969 4334 aliquando
979 4267 1080 4334 potest,
1093 4261 1169 4318 salvo
1179 4261 1290 4317 rationis
1302 4259 1444 4332 principi03
1455 4262 1512 4316 cri·

389 4341 445 4396 tica
457 4354 523 4396 vero
536 4337 659 4395 eiusdem
673 4338 785 4395 rationis
798 4337 853 4394 fieri
867 4335 1024 4393 nullomodo
1040 4343 1140 4408 potest,
1153 4337 1217 4408 quin
1228 4333 1263 4391 de
1274 4335 1378 4392 ratione
1389 4335 1448 4405 ipse
1457 4335 1512 4392 du-

324 4418 327 4426 ’
389 4415 501 4473 bitetnr.
516 4413 656 4482 Quomodo
669 4413 742 4471 enim
756 4410 939 4482 ratiocinaris,
954 4411 976 4467 si
991 4426 1044 4469 nee
1056 4413 1200 4484 rationem,
1215 4426 1266 4467 nec
1280 4410 1391 4467 rationis
1405 4411 1512 4480 princi·

389 4492 434 4563 pin
447 4488 580 4548 retineas?
591 4489 691 4546 critica
704 4487 815 4546 rationis
828 4492 872 4546 est
886 4485 1086 4560 pirrbonismus
1100 4493 1129 4546 et
1142 4486 1343 4559 seeptieismus.
1360 4484 1410 4542 llic
1423 4486 1513 4544 Kantii

389 4581 479 4643 error,
492 4565 612 4639 falseque
625 4565 685 4624 eins
699 4563 852 4622 methodus.
