3238 5282
435 305 498 370 182
847 360 853 369 .
869 329 965 379 crasa
981 328 1016 378 u.

384 471 501 543 centio,
522 471 840 540 tumfoeneratorum
852 476 1018 558 cupiditas,
1033 474 1304 558 opportunissima
1315 474 1383 557 lege
1399 471 1503 557 prori-

383 578 453 624 sum
469 565 527 624 est.
544 561 627 627 Nam
642 579 713 630 eum
731 564 815 628 lilius
829 566 958 649 quidam
971 565 1108 630 familias
1123 581 1196 628 aere
1207 564 1312 629 alieno
1328 565 1458 631 obrutus
1468 585 1503 632 ae

384 665 468 728 pene
480 649 513 712 in
529 648 782 732 desperationem
797 660 896 729 actus,
916 654 963 718 vel
978 659 1101 736 patrem
1113 653 1289 726 occidisset,
1303 654 1352 718 vel
1364 654 1432 718 cius
1444 657 1504 719 sal-

383 742 449 801 tem
465 739 546 802 vitae
559 738 688 804 insidias
699 743 877 818 struxisset,
892 745 1016 808 senatui
1028 744 1189 826 placuitzo
1207 745 1255 811 Ne
1270 742 1334 815 cui,
1349 744 1405 825 qui
1421 743 1504 809 filio-

384 825 520 890 familias
536 833 677 896 mutuam
688 833 859 910 pecuniam
873 833 1021 905 dedisset,
1040 833 1139 897 etiarn
1154 838 1223 914 post
1238 837 1377 896 mortem
1391 849 1504 913 paren·

163 909 300 985 1)L.l‚u,
316 909 362 967 l'rb.
385 913 427 980 tis
439 916 521 989 eius,
536 916 625 982 cuius
639 917 672 982 in
687 925 843 1001 potestate
859 922 980 996 fuisset,
998 923 1080 986 actio
1092 924 1260 1003 petittoque
1274 922 1406 986 daretur
1422 921 1465 1006 1).
1486 947 1502 985 a

143 986 267 1056 inae.

385 1003 459 1069 Sive
474 1005 556 1070 lilius
567 1007 633 1071 sive
646 1007 828 1074 foenerator
838 1011 969 1076 Macedo
984 1007 1209 1093 appellaretur,
1218 1009 1417 1074 sanctissima
1429 1009 1506 1077 baec

385 1095 436 1158 lex
450 1097 748 1162 senatusconsultum
763 1100 1026 1164 Macedonianum
1043 1099 1128 1165 dicta
1144 1100 1217 1165 fuit.
1235 1099 1312 1162 Eius
1327 1104 1436 1163 autem
1452 1118 1504 1166 ex·

384 1183 531 1264 ceptione
539 1202 601 1249 non
609 1186 709 1250 solum
722 1189 913 1253 mutuatario
926 1188 991 1252 filio
1000 1188 1129 1270 eiusque
1137 1189 1235 1270 patri,
1244 1188 1298 1251 sed
1310 1192 1378 1253 tum
1390 1190 1506 1254 utrius·

385 1289 446 1354 que
461 1273 658 1350 haeredibus,
669 1282 738 1341 tum
749 1277 924 1342 fideiussori
936 1278 1140 1343 succurritur.
1155 1277 1229 1343 Filii
1245 1281 1350 1342 autem
1363 1280 1505 1353 nomine,

159 1361 186 1432 2)
210 1364 241 1419 L.
267 1366 294 1440 6,
312 1367 341 1422 c.
357 1407 365 1438 ,
386 1367 517 1443 nepotes
532 1363 629 1428 etiam
645 1370 678 1429 et
691 1372 881 1448 pronepotes
899 1366 1118 1446 intelliguntur
1130 1364 1173 1452 2).
1186 1365 1255 1445 Qua
1268 1365 1345 1447 legis
1357 1367 1507 1432 severita-

139 1437 199 1496 hoc.
216 1441 259 1498 tit.

387 1457 430 1525 tc,
449 1451 530 1516 nihil
548 1456 674 1535 patrum
692 1455 785 1529 vitae,
804 1463 836 1522 et
851 1457 1043 1520 familiarum
1066 1454 1302 1537 tranquillitati,
1321 1459 1354 1520 et
1368 1456 1506 1521 naturali

386 1540 538 1622 aequitati
555 1543 736 1624 optabilius.
751 1544 925 1610 Prudenter
933 1561 1056 1628 quoque
1071 1545 1172 1610 solam
1183 1544 1353 1624 pecuniam
1368 1542 1428 1608 hoc
1443 1545 1508 1627 pri-

385 1631 501 1712 vilegio
516 1632 673 1696 contineri
690 1632 819 1715 placuit:
834 1639 868 1699 in
881 1652 941 1716 qua
957 1635 1045 1698 enim
1057 1634 1210 1699 validiora
1222 1637 1326 1697 essent
1337 1633 1376 1697 ad
1393 1634 1509 1716 quidli-

386 1719 439 1784 bet
454 1720 630 1786 audendum
646 1723 853 1789 incitamenta
869 1729 963 1804 atque
978 1723 1147 1803 praesidia,
1161 1738 1232 1788 eam
1248 1721 1446 1802 legislatores
1459 1724 1508 1787 iu·

384 1814 495 1874 cautae
510 1811 607 1874 aetati
622 1812 807 1893 diligentius
821 1811 1064 1878 subtrahendam
1075 1812 1245 1877 duxerunt.
1263 1811 1383 1892 Excipe
1401 1815 1507 1890 umen

386 1897 447 1962 nisi
464 1898 497 1961 in
514 1899 656 1964 fraudem
672 1901 750 1982 legis
765 1908 870 1968 actum
882 1902 992 1975 fuerit,
1003 1919 1054 1965 ex.
1069 1919 1120 1983 gr.
1134 1917 1272 1966 mercem
1285 1899 1449 1964 vendendo
1461 1901 1507 1966 vel

320 2055 326 2064 ,
385 1988 569 2062 mutuando,
589 1987 741 2071 illamque
756 1993 865 2056 statim
881 1995 1045 2057 numerata
1058 1992 1193 2071 pecunia
1209 1983 1423 2058 retrahendo:
1441 1990 1507 2070 plus

386 2091 521 2156 namque
537 2077 620 2143 valet
635 2081 716 2160 quod
732 2080 849 2160 agitur,
868 2099 962 2164 quarn
979 2080 1220 2162 quodsimulate
1232 2079 1508 2160 concipitur.lnde

387 2170 492 2228 tamen
508 2184 605 2246 quum
619 2169 700 2231 actio
715 2175 748 2233 et
762 2171 869 2248 petitio
885 2175 1009 2234 tantum
1025 2169 1197 2250 denegatae
1208 2166 1286 2241 sint,
1304 2168 1353 2233 vel
1369 2168 1508 2248 acceptio

386 2252 460 2318 data
475 2259 510 2318 ut
525 2255 740 2333 infirmentur,
758 2259 895 2322 solutum
912 2259 1014 2342 repeti
1030 2276 1092 2322 non
1108 2258 1238 2339 poterit.

474 2342 565 2409 XlV.
581 2344 653 2409 Pari
665 2346 875 2422 humanitate,
886 2347 997 2422 altero,
1009 2346 1093 2431 quod
1102 2345 1303 2412 Velleianum
1316 2351 1443 2420 vocant,
1455 2345 1508 2411 Se·

263 2474 267 2480 -
387 2434 1507 2519 natusconsulto‚mulieribusprospiciebatur.Quumenimmulieresal-

386 2519 531 2598 lectibus,
542 2524 645 2588 minus
656 2529 760 2590 autern
772 2525 970 2606 experientia
982 2529 1014 2590 et
1026 2525 1159 2589 consilio
1170 2523 1342 2598 abundent,
1351 2540 1463 2587 earum
1475 2528 1508 2587 ut

389 2608 512 2676 levitati
527 2619 582 2678 aut
593 2613 788 2680 inconsultae
799 2614 938 2679 bonitati
949 2619 1194 2688 succurreretur,
1207 2611 1326 2684 sillano
1342 2617 1375 2676 et
1385 2610 1508 2678 Velleio

381 2699 572 2777 consulibus,
582 2706 709 2767 cautum
723 2703 785 2772 fuit
800 2721 851 2778 ne,
869 2705 896 2766 si
912 2721 991 2785 quae
1005 2722 1062 2785 pro
1077 2701 1148 2767 aliis
1166 2724 1183 2762 u
1202 2698 1437 2766 intercederent
1448 2701 1463 2786 '(
1474 2701 1509 2764 li·

382 2788 588 2876 deiuberent),
607 2792 670 2856 ulla
685 2809 722 2858 eo
738 2792 867 2856 nomine
880 2793 918 2857 ab
933 2792 982 2856 his
997 2793 1126 2873 petitio,
1145 2808 1223 2856 neve
1238 2791 1272 2854 in
1285 2807 1338 2854 eas
1352 2789 1438 2854 actio
1454 2791 1508 2854 da-

132 2881 225 3030 mill&
243 2883 359 3033 {32⁵le
383 2875 654 3035 returgkspmm
663 2971 702 3034 de
713 2969 915 3055 hispersequi
926 2971 1175 3052 nonlicet2quae
1183 2967 1344 3052 ceteroqui
1352 2966 1506 3033 adosten·

380 3056 515 3121 dandam
524 3061 784 3142 sufficiuntquam
796 3078 836 3124 ex
846 3061 926 3125 iuris
939 3060 1090 3126 naturalis
1102 3064 1136 3124 et
1144 3059 1248 3123 civilis
1259 3055 1443 3134 concordia,
1454 3076 1504 3122 so-

380 3145 480 3210 cietas
495 3148 711 3214 defensionem
727 3150 875 3230 accipiat.
893 3149 1081 3215 Generatim
1101 3166 1176 3213 uero
1192 3147 1358 3212 nitendum
1373 3151 1423 3210 est
1443 3147 1506 3210 iuri

381 3235 481 3311 civili,
501 3255 539 3302 ne
558 3237 735 3304 intellectui
751 3256 842 3302 error
857 3243 890 3304 et
904 3239 1007 3315 dolos,
1028 3237 1184 3302 voluntati
1200 3243 1354 3300 namatus
1369 3237 1506 3300 autoio-

261 3397 266 3404 ,
382 3325 480 3389 leutio
493 3327 647 3393 officiant.
664 3326 769 3407 Quum
785 3327 870 3390 euim
887 3327 1029 3392 dominia
1042 3326 1250 3391 rationalibus
1262 3324 1378 3387 animis
1389 3323 1508 3389 inside-

382 3419 451 3488 ant,
466 3433 522 3480 nec
537 3417 607 3481 sine
619 3416 720 3480 animi
728 3433 882 3481 consensu
893 3422 926 3482 et
937 3416 1037 3480 libero
1051 3414 1219 3481 voluntatis
1231 3415 1360 3478 decreto
1372 3415 1507 3478 transfe-

384 3507 646 3585 rputunoportet
661 3505 792 3569 omnino
804 3509 840 3569 ut
852 3505 1030 3571 intellectus
1042 3509 1128 3569 recte
1144 3502 1319 3585 perspiciat
1330 3500 1407 3584 quid
1420 3503 1464 3568 sit
1475 3503 1507 3567 in

385 3607 421 3653 re
436 3594 470 3655 et
484 3593 622 3667 actione,
637 3593 780 3659 voluntas
795 3599 901 3658 autem
919 3595 1018 3659 libere
1029 3594 1191 3658 decernat.

474 3679 565 3745 XVl.
580 3681 627 3746 De
639 3682 669 3747 vi
681 3687 808 3749 etmetu
816 3682 893 3747 haec
901 3684 1012 3748 haeret
1019 3682 1175 3767 quaestio:
1185 3679 1316 3745 Validus
1326 3696 1367 3743 ue
1378 3678 1422 3744 sit
1433 3697 1509 3744 cou-

383 3771 514 3843 tractus,
525 3769 614 3850 gravi
623 3770 804 3855 iniustaque
813 3777 981 3838 metucum
993 3789 1031 3836 eo
1041 3771 1150 3845 initus,
1161 3771 1217 3852 qui
1230 3767 1320 3832 illum
1337 3768 1429 3839 nobis
1442 3774 1507 3835 ter-

384 3872 490 3920 rorem
503 3857 647 3924 incussit:
658 3863 743 3942 puta,
755 3860 782 3924 si
796 3860 826 3925 vi
835 3865 986 3944 metuque
996 3859 1187 3942 compulsus,
1195 3856 1424 3941 redemptionis
1437 3875 1509 3940 pre-

385 3943 467 4009 tium
481 3946 597 4011 sicario
613 3948 811 4029 promiseris.

473 4034 580 4100 xvlr.
598 4037 769 4104 Affirmant
780 4038 989 4121 Guudlingus,
1003 4037 1147 4111 Grotius,
1158 4041 1291 4117 uterque
1303 4032 1509 4110 Cocceius,ac

384 4121 476 4186 ferox
489 4123 558 4204 ipse
574 4125 761 4200 Hobbesius,
772 4129 828 4209 qui
840 4129 948 4192 omnia
959 4145 999 4192 ex
1012 4127 1054 4202 vi,
1066 4126 1147 4191 nihil
1161 4144 1202 4190 ex
1213 4125 1283 4188 iure
1293 4123 1443 4187 metitur.
1451 4124 1509 4188 Ait

383 4212 542 4293 posterior
552 4209 712 4279 Cocceius:
723 4215 793 4280 Duo
802 4217 856 4281 hie
867 4221 953 4282 sunt:
963 4217 1067 4281 aliena
1077 4216 1135 4288 vis,
1146 4219 1180 4279 et
1191 4219 1245 4278 tua
1257 4211 1441 4293 promissio.
1453 4211 1510 4277 Illa

383 4299 530 4382 iniquum
545 4307 592 4366 est
608 4301 741 4377 facinus,
756 4322 796 4369 ex
810 4323 873 4389 quo
886 4305 1039 4387 obligatio
1051 4304 1090 4368 ad
1105 4320 1239 4387 poenam
1255 4305 1287 4366 et
1303 4300 1342 4364 ad
1358 4312 1511 4382 reparan-

383 4387 456 4454 dam
468 4389 633 4455 iniuriam.
644 4391 817 4458 Promissio
828 4399 935 4471 autem
947 4395 1098 4459 honestus
1108 4391 1248 4458 bominis
1256 4394 1345 4455 aetus
1357 4391 1396 4454 de
1408 4407 1443 4458 re
1455 4405 1510 4453 sua

382 4478 846 4564 statuentis,adeoquesuiiuris
855 4483 888 4547 in
896 4483 995 4548 alium
1004 4481 1219 4556 translatio,et
1227 4478 1407 4563 implendae
1415 4495 1511 4559 spon·

383 4565 483 4632 sionis
495 4585 570 4658 vera
580 4585 616 4634 ae
628 4569 771 4653 legitima
782 4570 948 4654 obligatio.
958 4572 1046 4652 Quae
1055 4572 1118 4637 duo
1133 4568 1316 4638 distinxisse
1326 4567 1511 4634 rideturlu·
