3238 5282
566 339 800 394 rrrurnsxvn.
854 289 857 295 ¹
1132 318 1198 390 215

121 487 296 556 minabitur
311 483 420 572 etei)
439 511 455 550 s
473 486 647 570 indigitata
662 506 680 552 a
694 487 871 555 Christos«
889 484 1007 562 Omnes
1021 484 1109 550 enim
1124 483 1178 567 qui
1191 501 1242 549 ac-

118 573 266 663 ceperint
282 576 437 660 gladium,
454 577 560 657 gladio
572 579 721 660 peribunt
735 576 779 662 2).
799 601 817 640 »
834 576 983 648 Demum,
1001 591 1102 655 neque
1117 573 1242 655 abipso

119 665 442 748 charitalisapostolo
452 666 593 732 dimissa:
607 665 697 746 «Qui
706 668 739 732 in
748 665 853 747 gladio
862 663 1240 746 occiderit,opurteteum

114 756 228 841 gladio
243 755 347 821 occidi
364 751 407 840 3).
425 778 442 818 n
605 765 612 772 ·

210 845 334 911 XXVI.
351 846 381 908 A
396 845 463 909 Deo
477 841 578 927 igitur
591 842 640 908 ius
652 843 738 909 neeis
746 844 913 909 emanabat
925 841 958 904 in
968 839 1242 923 imperantes,qui

119 936 191 1001 eius
206 932 348 999 ministri
362 933 397 997 in
411 932 589 1015 praemium
601 938 634 998 et
646 933 679 997 in
691 931 866 999 uindictam
877 930 1126 1004 constituunturz
1140 929 1243 995 disul-

119 1025 257 1108 gabatur
272 1025 306 1088 in
322 1021 371 1086 ius
385 1021 542 1102 gentium,
562 1022 601 1085 ad
615 1021 843 1094 coercitionem
854 1021 1073 1097 scelestorum,
1085 1018 1123 1082 ad
1140 1018 1243 1084 iusto-

118 1131 195 1179 rum
209 1111 440 1184 tleleosinnem,
459 1103 609 1175 aeternae
619 1108 717 1176 veluti
729 1110 873 1177 iustitiae
883 1109 1022 1192 signum,
1035 1124 1117 1191 puae
1128 1106 1244 1191 impios

118 1203 156 1266 in
172 1205 339 1266 aeternum
354 1198 498 1264 abiiciet.
514 1198 643 1266 Scilicet
658 1198 887 1265 intellexemnt
901 1203 1011 1279 gentes
1029 1214 1094 1261 non
1107 1197 1242 1268 nimiam

119 1308 192 1356 esse
204 1307 352 1372 poenam,
365 1292 490 1354 sontem
502 1288 660 1377 expellere
671 1307 689 1352 e
701 1289 779 1364 rita,
792 1288 847 1371 qui
856 1284 1174 1363 iratrem'insontem,
1184 1285 1244 1352 llei

122 1379 310 1460 imaginem,
318 1377 406 1461 prius
416 1395 473 1462 per
483 1395 641 1442 summum
653 1376 741 1443 netas
748 1378 820 1462 ipse
830 1375 1000 1460 expulerit.
1014 1375 1244 1459 Experimento

123 1468 365 1541 intellexerunt,
379 1465 555 1532 minoribus
562 1467 844 1550 poenis,perpetua
857 1481 969 1548 nempe
978 1463 1169 1539 reclusione,
1177 1481 1245 1529 sce·

125 1558 284 1622 lestorum
294 1555 457 1620 audaciam
470 1572 528 1620 nec
544 1553 649 1636 irahgi
663 1557 741 1621 satis
756 1573 814 1620 nec
827 1553 980 1627 coerceri,
997 1552 1176 1636 periclitari
1189 1554 1246 1619 bo·

126 1663 244 1712 norum
257 1645 368 1720 vitam,
383 1644 487 1726 legum
498 1643 575 1721 vim,
590 1644 796 1727 omniumque
807 1644 877 1707 iura
889 1643 928 1708 ad
939 1642 1099 1726 publicam
1116 1642 1246 1707 liberta·

123 1741 195 1801 tem
210 1738 244 1798 et
257 1732 537 1818 tranquillitatem.
554 1732 725 1799 Serventur
736 1731 925 1808 homicidae,
939 1731 1021 1816 quod
1032 1726 1195 1815 postulant
1206 1731 1247 1794 il·

125 1826 234 1890 lorum
247 1821 494 1906 lautoreszspem
503 1821 678 1887 evandendi
688 1840 751 1887 noc
759 1821 921 1896 amittent,
931 1819 1155 1906 potentissimo
1163 1819 1247 1884 irae-

125 1931 170 1978 uo
189 1911 392 1995 quodioiieit
402 1916 505 1977 melus
516 1911 630 1976 mortis
641 1911 853 1985 exsolvantur,
868 1909 925 1975 alii
937 1917 1033 1992 atque
1044 1908 1185 1974 aliiiusti
1197 1909 1248 1979 in-

125 2001 284 2072 teribunt.
299 2001 400 2083 Atqui
411 2000 551 2065 insontes
560 1999 840 2081 implorumlurori
849 1999 1247 2080 derelinquere,estueso-

124 2090 449 2170 cietatemperlirere
465 2106 505 2153 au
520 2088 713 2154 deteriorem
729 2089 847 2154 tacerel
863 2087 979 2156 Aiunt:
995 2086 1089 2153 Peius
1109 2092 1158 2152 est
1172 2105 1248 2169 sup·

123 2177 273 2264 plicium,
288 2177 353 2242 vita
368 2179 461 2260 longa
473 2181 506 2242 et
518 2177 638 2253 amara,
651 2195 744 2260 quam
757 2195 842 2242 mors
854 2177 1066 2242 instantanea.
1080 2175 1172 2243 Esto.
1186 2173 1248 2242 Sed

121 2270 187 2334 hoc
204 2284 266 2331 non
279 2267 455 2349 quaeritur:
469 2266 713 2350 quaeriturvero
725 2267 802 2350 quid
814 2265 939 2349 aegrius
950 2265 1081 2340 alliciat,
1095 2269 1190 2348 atque
1199 2264 1247 2329 el-

123 2356 257 2423 licaeius
271 2360 417 2421 coerceat
429 2355 598 2437 praedonis
613 2354 768 2432 animum3
778 2373 819 2420 ao
832 2373 918 2422 mors
927 2355 1029 2428 velox,
1044 2371 1084 2419 an
1100 2353 1246 2418 molestia

124 2448 236 2529 longa.
253 2443 348 2510 Certe
363 2445 516 2529 probrosa
532 2462 631 2518 mors,
649 2447 684 2510 et
698 2445 830 2512 solemni
842 2443 962 2509 iudicio
976 2442 1110 2508 inllicta.

218 2533 359 2599 xxvlr.
377 2534 421 2599 Et
436 2550 494 2598 nos
510 2532 656 2597 homines
670 2551 789 2609 sumus,
806 2538 839 2598 et
853 2533 995 2598 hominis
1007 2532 1083 2598 licet
1093 2529 1249 2615 nequissi-

124 2624 174 2689 mi
192 2621 441 2688 rltamexsciodi
454 2621 623 2704 aliquando
635 2627 796 2705 oportere,
807 2621 1012 2688 vehementer
1023 2621 1175 2687 dolemus.
1186 2620 1249 2688 Sed

124 2713 205 2778 hinc
218 2711 335 2796 Scylla,
353 2710 428 2777 inde
441 2709 627 2794 Charybdis.
645 2712 706 2777 Vel
722 2714 810 2776 enim
826 2712 942 2777 mortis
958 2716 1083 2776 terrore
1099 2709 1251 2775 cohibeo·

124 2807 181 2867 tur
197 2799 311 2884 iniqui,
329 2801 378 2865 uel
395 2802 429 2865 in
445 2799 568 2864 maiora
584 2801 726 2882 quotidie
737 2799 922 2866 discrimina
937 2798 1141 2883 pertrahetur
1156 2799 1251 2864 inno·

126 2890 274 2956 centium
290 2888 368 2955 vita.
386 2889 457 2954 lluo
474 2887 573 2971 igitur
589 2889 628 2953 iis
636 2890 823 2972 praestanda
830 2894 904 2954 sunt
912 2890 968 2973 qui
976 2906 1081 2954 rerum
1094 2906 1249 2953 summam

126 2983 255 3045 tenent:
276 2978 307 3042 1.
328 2977 467 3042 vindicta
482 2979 522 3042 de
536 2983 662 3059 patrato
676 2979 813 3044 crimine
828 2978 992 3053 sumenda3
1011 2979 1045 3042 2.
1063 2978 1165 3042 eeteri
1185 2982 1250 3042 ter-

126 3085 203 3132 mre
215 3084 233 3130 a
246 3065 375 3147 llagitiis
387 3066 562 3132 avertendi.
571 3067 657 3131 llaec
668 3069 730 3132 duo
740 3069 809 3132 iura
823 3067 998 3133 necessaria
1009 3070 1094 3130 sunt:
1109 3083 1186 3146 ergo
1195 3082 1250 3130 ex·

127 3157 244 3223 istunt.
261 3154 444 3220 Liberiores
462 3153 663 3237 publicistae,
676 3162 712 3223 ut
731 3157 878 3231 vidimus,
893 3156 972 3222 dum
988 3155 1022 3219 in
1040 3155 1132 3219 istius
1149 3153 1251 3236 expli-

126 3244 229 3310 canda
244 3243 322 3308 ilaris
338 3243 464 3326 origine
478 3243 672 3326 discrepant,
686 3246 879 3311 conveniunt
890 3243 999 3310 tar'nen
1015 3242 1049 3307 io
1064 3243 1205 3308 eiusdem
1218 3241 1250 3307 ri

126 3339 161 3399 et
177 3333 362 3398 existentia.
381 3332 458 3408 sed,
473 3350 571 3416 quum
586 3333 619 3396 in
636 3334 788 3400 extremis
799 3339 924 3400 tantum
935 3332 1111 3398 adhibenda
1123 3331 1189 3398 sint
1200 3349 1250 3396 re·

129 3421 238 3487 media
252 3425 407 3500 extrema,
426 3427 460 3486 et
475 3440 533 3486 nos
544 3421 741 3489 lormidahili
752 3423 912 3490 carnificis
924 3421 1031 3506 gladio
1047 3439 1141 3504 parce
1153 3425 1186 3485 et
1197 3437 1250 3485 aa·

129 3529 193 3594 que
208 3527 335 3592 semper
350 3510 503 3577 utendum
515 3529 692 3576 monemus.

1280 475 1489 552 illinoddlllll,

1267 560 1312 624 18;
1322 555 1395 612 slrhi.

1283 630 1311 700 2)
1359 631 1452 688 Mallia.
1484 671 1490 698 ,

1263 707 1358 777 xxvl,
1373 709 1420 762 52.

1282 779 1490 856 tlApocolgpr.

1262 859 1338 934 xlll,
1359 860 1401 913 tt.

221 3599 379 3665 xxvrrl.
397 3598 440 3666 lis
457 3604 563 3665 autem
577 3599 632 3682 qui
645 3619 662 3665 a
675 3599 784 3666 lethali
796 3559 950 3685 supplicio
965 3599 1112 3683 politicas
1123 3597 1251 3681 upioio·
1322 3605 1324 3611 ’

128 3707 185 3754 nes
201 3689 377 3772 excipiunt,
395 3689 635 3770 respondemus:
653 3689 738 3755 aliod
748 3695 823 3755 sunt
834 3690 1010 3773 opiniones,
1020 3690 1136 3755 mentis
1148 3705 1250 3754 reces-

128 3797 165 3842 su
183 3777 329 3853 latentes,
350 3795 428 3861 quas
443 3795 538 3843 nemo
556 3778 687 3854 iudicat,
706 3795 800 3843 nemo
817 3779 979 3860 plectitur:
997 3777 1084 3842 aliud
1099 3778 1251 3863 politicae

130 3867 389 3949 disceptationes,
405 3883 486 3951 quae
501 3884 573 3932 eum
593 3867 713 3933 limites
727 3873 866 3942 servent,
884 3867 1064 3948 legitimum
1079 3867 1250 3949 inperandi

130 3957 180 4021 ius
195 3959 399 4030 venerantur,
416 3956 500 4039 quod
516 3956 565 4021 ius
576 3960 624 4021 est
636 3955 824 4038 acquisitum
836 3955 992 4040 principis
1004 3961 1037 4022 et
1052 3956 1252 4030 nationis3'a-

131 4045 199 4110 liud
213 4043 403 4133 scriptiones
416 4049 449 4110 et
463 4045 633 4110 conciones
648 4045 688 4110 ad
698 4045 888 4114 seditionem
901 4046 1025 4110 animos
1037 4045 1249 4127 impellentes:

132 4133 219 4199 aliud
229 4133 357 4197 demum
372 4133 545 4198 seditiones
560 4135 659 4216 ipsae,
676 4151 756 4217 quae
770 4135 943 4217 imperium
957 4135 1157 4209 subvertunt,
1172 4134 1252 4200 ciri-

132 4228 233 4290 tatem
247 4219 410 4297 scindunt,
424 4228 457 4288 et
469 4221 611 4289 fraterno
623 4223 775 4305 sanguine
782 4223 961 4289 laedantur.
971 4222 1179 4303 Quaehorum
1187 4223 1253 4287 sint

133 4310 331 4384 discrimina,
348 4317 443 4393 quam
456 4311 567 4393 iniqua
583 4329 673 4376 arma
684 4311 804 4388 ciuilia,
817 4311 1114 4394 quamhorrendam
1126 4309 1253 4400 sangui-

134 4401 196 4476 nis,
214 4404 248 4465 et
263 4400 410 4464 dolomm
426 4405 565 4481 segetem
581 4403 720 4483 pariaot;
738 4405 833 4485 quam
853 4401 971 4466 insulse
985 4400 1104 4465 oinium
1119 4399 1253 4464 occisio·

133 4509 188 4554 nes
203 4488 403 4571 appellentur
415 4489 584 4572 opiniones
594 4489 759 4573 politicae,
773 4494 806 4555 et
817 4490 901 4556 lacta
913 4489 1043 4571 politica
1058 4505 1095 4554 ea
1107 4505 1188 4572 quae
1198 4487 1253 4552 de-

134 4578 208 4643 licta
223 4582 298 4643 sunt
313 4578 508 4654 communia;
530 4579 671 4654 demum,
692 4595 800 4662 quam,
818 4578 970 4662 singulari
990 4576 1176 4653 homicidio,
1198 4578 1252 4642 de-
