3222 5282
551 347 747 402 amasusru.
1124 331 1169 400 23

89 497 269 562 exaratum.
285 491 378 578 Quod
393 491 455 559 nisi
470 494 653 572 efficiamus,
668 495 846 562 rubetarum
862 493 1024 562 leuitatem
1039 500 1095 564 aut
1107 513 1214 561 uersu-

92 584 185 662 tiam,
201 602 364 669 nunquam
380 600 456 648 vero
469 584 754 651 iureconsultorum
769 583 956 668 sapientiam
968 584 1187 668 adipiscemus.

91 674 348 830 videallssllsisuqrentu
360 673 667 798 mtionatisnaturae
677 675 908 758 conspeximus:
918 673 994 759 quid
1002 690 1039 740 ea
1050 679 1215 759 praestent

597 937 715 972 nam..

392 1099 763 1236 ''urauuus
798 1157 856 1234 111.

366 1367 413 1416 ns
433 1365 521 1416 saon
544 1365 698 1416 samana
720 1355 934 1416 anbaouasas.

167 1527 191 1582 1.
212 1524 333 1584 Hominis
347 1524 441 1583 relatio
454 1524 565 1599 triplex,
587 1524 622 1584 ad
635 1525 730 1598 usum,
745 1524 779 1584 ad
793 1524 924 1598 seipsum,
947 1523 981 1582 ad
996 1529 1113 1582 eeteros:
1140 1527 1212 1584 unde

85 1601 141 1658 tria
154 1602 308 1659 officiorum
329 1616 441 1674 genera.
463 1601 499 1657 ll.
515 1599 584 1658 luris
603 1601 823 1675 tundamentum,
838 1601 949 1670 iustitia,
970 1606 999 1657 et
1012 1601 1210 1658 benevolentia.

88 1677 138 1732 ltl.
153 1677 287 1735 Collectio
299 1679 417 1734 amnium
431 1676 587 1734 officiorum
600 1683 643 1733 est
656 1678 715 1748 ipsa
730 1677 774 1733 lox
788 1675 932 1733 naturalis.
948 1674 994 1732 lv.
1010 1677 1073 1732 Eius
1088 1677 1213 1732 eristen-

86 1752 138 1809 tia.
152 1754 187 1811 V.
204 1753 292 1811 Prima
305 1753 365 1810 sius
375 1759 447 1822 nota,
459 1751 614 1810 diuinitus.
630 1753 673 1809 vi.
686 1752 765 1809 Falsa
780 1753 875 1824 Gratti,
888 1751 1130 1823 rationattstamm,
1145 1752 1212 1809 atio·

86 1842 207 1901 rumque
221 1829 366 1886 sententia.
381 1828 441 1885 vti.
457 1829 531 1900 Ergo
543 1827 668 1885 omnibus
679 1834 788 1897 praeest
800 1843 853 1884 una
867 1825 921 1885 les.
945 1827 1016 1885 Vlll.
1032 1827 1127 1884 Altera
1144 1825 1211 1901 legis

85 1903 220 1973 conditio,
235 1903 423 1962 euidentiam
436 1902 631 1976 principissa!
644 1905 670 1960 in
685 1904 815 1975 proximis
827 1901 1057 1960 aunelnsioaibus.
1077 1903 1124 1960 tx.
1138 1904 1212 1972 Quo·

86 1977 171 2036 modo
192 1978 404 2037 obscuritatibus
422 1977 639 2037 occurrendum..
655 1979 689 2036 Χ.
704 1979 795 2036 Tertia
808 1978 877 2052 legia
891 1984 956 2035 nota
968 1985 1013 2036 ast
1032 1977 1211 2054 ostpersolt7

84 2058 147 2111 tos.
159 2053 208 2122 ‚xt
221 2055 331 2124 Quarta,
339 2055 397 2112 sius
409 2053 650 2112 immutabilitas.
660 2054 720 2111 xil.
737 2054 843 2128 Primus
857 2053 924 2125 legis
938 2054 1070 2110 naturalis
1082 2053 1207 2110 effeetus:

86 2127 152 2202 lem,
166 2147 227 2187 oon
239 2134 348 2204 opinio,
362 2133 513 2187 emstttmt
526 2131 673 2188 msam.
687 2131 787 2187 Serena
800 2135 842 2187 est
856 2129 997 2201 sapientia,
1013 2131 1102 2202 opinio
1117 2129 1211 2185 inean-

84 2210 165 2261 stans
178 2221 220 2262 ao
226 2206 385 2263 temulenta.
406 2205 476 2263 xiv.
490 2204 633 2263 &candus
646 2205 717 2277 tegis
727 2206 850 2263 allectus:
875 2205 952 2260 bono
963 2210 1032 2264 suat
1047 2221 1103 2280 per
1115 2220 1146 2261 se
1158 2219 1211 2262 em·
1229 2272 1235 2281 ι

84 2279 322 2353 petendemalo
330 2279 504 2356 reitoienalu.
514 2280 848 2355 tvmentnszotltpmto.
861 2280 931 2338 xvi.
941 2281 1021 2353 Legis
1031 2281 1133 2338 sanctio
1141 2287 1213 2337 tem·

85 2355 206 2488 possitis,
225 2363 306 2432 atquo
326 2362 449 2417 aeterna.
472 2356 556 2415 xvii.
571 2357 626 2416 bsx
641 2356 773 2416 naturalis
791 2362 835 2414 est
846 2369 921 2429 vera,
943 2361 1025 2429 atqua
1042 2353 1212 2415 absolutissi-

85 2446 133 2489 ma
158 2447 205 2489 ax.
1196 2451 1199 2458 ¹

125 2626 130 2638 ¹
178 2597 207 2664 1.
225 2597 373 2663 Divinam
388 2595 455 2662 iere
470 2596 586 2664 mentis
602 2597 679 2674 vim,
696 2616 756 2681 qua
772 2598 867 2664 bomo
883 2614 1036 2678 corporea
1049 2604 1211 2680 transuen-

85 2683 179 2762 dens,
207 2687 324 2769 arripit
339 2691 372 2752 et
385 2691 543 2752 scrutatur
558 2691 699 2763 aeterna,
723 2706 741 2752 a
757 2687 896 2751 sensibus
910 2685 1052 2752 alienum
1066 2687 1211 2770 ordinem

85 2772 329 2850 constituentia,
338 2775 407 2858 quis
420 2792 483 2839 non
493 2775 593 2841 sentit
604 2775 639 2840 in
650 2777 769 2858 seipso?
780 2777 866 2859 Ergo
878 2775 991 2858 duplex
1002 2794 1107 2844 rerum
1118 2775 1210 2839 ordo:

86 2863 284 2930 sensibilium
295 2869 328 2930 et
340 2853 642 2944 suprmemibiliom.
652 2865 714 2932 Sed
727 2883 834 2930 rerum
846 2865 924 2928 ordo
936 2871 983 2930 est
999 2865 1060 2930 lex:
1070 2883 1147 2946 ergo
1162 2863 1212 2927 lex

85 2951 215 3037 duplex,
227 2953 289 3019 alia
300 2971 407 3018 rerum
416 2953 629 3018 materialium
640 2955 706 3020 sive
718 2953 926 3037 sensibilium,
937 2953 1000 3016 alia
1010 2952 1211 3018 rationalium

87 3041 1212 3125 sivesuprasensibilium.Ut'raqueautemeumexrerumnatura‚earum-

86 3150 149 3211 que
166 3131 373 3197 relationibus
387 3132 610 3207 constituatur,
625 3133 675 3198 lex
687 3137 817 3198 naturae
832 3130 998 3196 rationalis
1009 3148 1050 3194 ex
1061 3129 1212 3211 ingenitis

90 3219 158 3284 illis
171 3221 355 3285 notionibus
367 3226 511 3302 exurget,
525 3221 637 3303 quibus
651 3223 772 3286 entium
784 3219 990 3285 rationalium
1002 3218 1214 3288 oonnexiones

87 3308 155 3374 siue
170 3310 341 3374 relationes
352 3309 585 3391 exprimuntur.
596 3311 752 3384 lamuero,
766 3309 890 3374 entium
905 3306 1109 3372 rationalium
1121 3321 1211 3370 causa

89 3398 209 3477 prima,
221 3399 425 3480 omniumque
437 3399 942 3479 parens,estDeus;bomoautem
954 3395 1213 3460 effeetusetima-

89 3505 130 3566 go
145 3487 221 3560 Dei;
234 3498 290 3552 neo
303 3484 415 3571 aliquis
427 3493 564 3564 tantum,
582 3489 635 3552 sed
647 3489 751 3553 omnis
766 3489 862 3552 homo
876 3486 934 3550 Dei
949 3483 1120 3566 imaginem
1131 3484 1212 3548 reie-

88 3593 174 3651 rens,
184 3575 361 3640 sibidatam
370 3578 639 3658 personalitatem,
650 3575 872 3660 legem,offioia
880 3579 914 3639 et
922 3575 990 3638 iura
1000 3570 1209 3655 persentiens.

89 3663 176 3745 Ergo
189 3665 224 3729 in
236 3664 384 3730 rationali
394 3666 441 3728 vel
449 3665 562 3730 morali
570 3665 693 3743 ordine,
705 3663 963 3732 vertexomnium
971 3666 1004 3726 et
1015 3667 1159 3727 centrum
1165 3667 1213 3726 est

89 3752 186 3830 Dens,
204 3753 261 3835 qni
276 3755 526 3818 eminentissima
541 3755 667 3820 ratione
683 3755 817 3838 originis
833 3759 866 3818 et
880 3769 989 3817 causae
1006 3756 1129 3832 praeest
1145 3768 1213 3814 om-

90 3842 193 3918 nibus,
201 3843 311 3908 omnia
322 3842 489 3925 gubernat,
502 3843 642 3912 subiecta
653 3844 715 3908 sibi
727 3862 764 3908 ac
774 3843 930 3908 devincta.
942 3841 1018 3906 Post
1029 3841 1143 3915 Deum,
1154 3840 1213 3905 bo-

90 3949 153 4006 mo,
172 3931 242 4015 qui,
260 3931 432 3996 creationis
446 3932 562 4008 ntiioio,
578 3933 627 3998 itti
642 3933 820 4007 subiicitur3
847 3931 972 3995 ratione
997 3929 1156 4011 imaginis,
1171 3928 1213 3990 ad

89 4019 180 4084 iilum
201 4021 412 4104 convertitur.
437 4023 521 4088 Haeo
543 4015 805 4104 prima'hominis
827 4019 954 4082 relatio:
979 4018 1163 4100 obsequium
1178 4016 1211 4078 in

88 4108 202 4183 Deum
221 4111 343 4191 rettpto.
362 4111 422 4176 Seu
437 4111 532 4175 hasmo
546 4111 653 4176 divina
664 4111 787 4192 imago,
813 4108 940 4171 divinae
963 4108 1039 4189 legis
1061 4123 1098 4171 ao
1114 4105 1212 4170 maie-

87 4200 181 4266 statis
193 4199 422 4274 sanotuarium,
442 4201 475 4263 in
487 4200 626 4281 seipsum
641 4217 820 4271 conuersus,
835 4196 909 4278 quid
922 4194 982 4258 sibi
991 4195 1104 4260 debeat
1120 4193 1213 4258 intel-

88 4286 171 4367 ligit.
190 4287 276 4354 Hinc
292 4288 392 4354 altera
408 4288 535 4371 relatio,
549 4289 686 4352 hominis
699 4289 737 4352 ad
749 4288 899 4368 seipsum;
915 4285 1067 4365 quaedam
1080 4282 1145 4346 iere
1162 4299 1214 4344 re-

88 4375 164 4457 ligio
179 4378 215 4441 in
232 4381 372 4442 creatam
383 4377 443 4442 Dei
460 4377 644 4458 imaginem:
657 4379 799 4442 honestos
812 4391 926 4457 nempe
944 4373 981 4437 ad
993 4373 1231 4452 semetipsum·

86 4467 241 4540 Tandem,
259 4483 340 4549 quae
352 4467 413 4530 sibi
425 4467 519 4531 debet
531 4466 640 4541 homo,
661 4465 814 4530 eademst
826 4461 1143 4535 ceterisnominibus,
1161 4476 1214 4557 ae-

87 4556 242 4634 qualitate
259 4559 404 4633 naturae,
421 4556 555 4638 originis
570 4559 603 4620 et
619 4554 702 4619 finis.
718 4554 807 4620 Unde
825 4553 920 4618 tertia
937 4556 1024 4614 extat
1039 4548 1165 4612 relatio:
1180 4564 1212 4607 rn
