3224 5282
585 326 780 382 arratusrv.
1136 309 1202 376 125

116 477 287 560 exemplis.
304 473 406 558 Finge
420 473 542 560 itaque,
560 474 773 543 fraternitatis
789 476 872 552 inre,
886 475 1076 546 hioseovitas
1087 493 1197 563 aspero
1209 495 1246 542 ac

116 567 238 649 rigenti
259 566 328 632 solo
345 563 569 642 valedicentes,
587 564 695 633 Gallos
710 565 760 632 vel
775 566 874 632 ltalos
896 566 1099 649 compellere,
1116 572 1153 633 ut
1168 584 1247 649 gen-

115 662 185 724 tem
199 673 290 722 suam
305 654 340 722 in
355 653 483 720 urbium
499 671 536 718 ac
552 654 707 720 bonorum
721 653 909 721 societatem
924 654 1094 738 accipiant.-
1112 657 1197 725 Nam
1211 659 1246 722 et

116 744 329 820 ltfoscovitae,
346 743 413 808 imo
429 749 463 809 et
476 747 555 826 quot
571 742 665 812 silvas
680 743 837 819 incolunt,
854 743 1003 810 homines
1016 748 1104 821 sunt,
1122 749 1156 810 et
1170 744 1246 812 Gal-

119 834 223 900 lorum
235 833 284 900 vel
295 832 450 898 italorum
462 832 576 898 fratres
582 836 617 898 et
623 832 781 915 aequales.
789 833 946 909 lamrero,
955 849 1094 915 quanm
1106 834 1171 898 alio
1184 833 1247 898 nisi

118 921 328 1005 proprietatis
342 921 425 997 iure,
442 920 468 984 ii
483 937 502 986 a
516 920 676 996 domibus,
693 938 712 986 a
727 921 844 986 tinibus
858 922 1110 1004 repellerentur?
1125 923 1246 1003 Quodsi

119 1012 212 1080 nobis
224 1013 424 1094 ingererent,
433 1009 517 1092 quod
529 1008 936 1078 divitibuscommunistae:
947 1009 1074 1079 Reddite
1085 1012 1247 1095 quodsub-

117 1102 277 1184 ripaistis·
293 1116 397 1165 nonne
411 1098 570 1164 insaniam
585 1098 822 1165 miserebimur?

209 1188 301 1256 xlv.
319 1190 452 1263 Tamen,
468 1205 568 1271 usque
583 1187 646 1254 huc
660 1188 803 1254 Luthero
817 1185 908 1256 licuit
918 1188 1071 1272 insanire,
1086 1189 1165 1254 illud
1180 1190 1247 1258 effl-

117 1277 207 1344 ciens
222 1296 241 1343 a
256 1278 390 1346 Platone
403 1276 537 1343 dictum:
550 1277 734 1344 «Extrema
749 1278 948 1363 aequalitatis
964 1297 1062 1361 regna
1076 1279 1247 1345 seditioni·

117 1368 175 1433 bus
187 1368 339 1451 implent.
357 1388 374 1430 a
390 1365 482 1445 Quod
496 1365 629 1432 Lutheri
645 1366 778 1443 factum,
794 1368 947 1452 quoniam
962 1368 1108 1435 civilium
1124 1373 1247 1450 tempea

116 1461 237 1524 statum
252 1455 348 1522 initia
362 1455 482 1539 posuit,
499 1469 580 1538 quae
599 1454 639 1520 ad
655 1473 713 1521 nos
728 1461 953 1540 pervenerunt,
973 1474 1035 1523 non
1052 1462 1101 1523 est
1116 1457 1247 1525 silentio

117 1544 399 1628 praetereundum.
415 1543 474 1610 llle
490 1544 599 1626 itaque
614 1543 787 1628 redemptis
802 1543 971 1620 aChristo,
982 1545 1144 1612 absolutae
1155 1563 1248 1629 prae·

118 1634 204 1702 viam
218 1631 433 1718 aequabtatis,
450 1633 612 1717 triplicem
626 1633 989 1708 asserebat.libertatem;
1005 1652 1024 1698 u
1031 1649 1133 1715 papa,
1150 1635 1246 1701 sivae

118 1723 278 1806 regimine
293 1721 519 1797 ecclesiastico;
537 1738 555 1786 a
566 1722 726 1804 principe,
739 1722 806 1790 sive
818 1739 836 1786 a
847 1722 1004 1804 regimine
1020 1723 1168 1806 politico,
1182 1728 1246 1790 eta

112 1813 321 1894 proprietate.
339 1810 602 1878 iureconsultosa
616 1810 730 1893 quibus
743 1809 946 1893 arguebatur,
964 1811 1092 1877 iniuriis
1106 1813 1247 1880 cumula-

116 1901 184 1980 bat,
201 1901 374 1968 trivioium
390 1899 497 1982 lingua
508 1898 571 1983 ipsi
583 1899 843 1966 familiarissima:
860 1898 972 1966 Omnis
985 1901 1112 1980 iarista,
1127 1901 1245 1981 aiebat,

118 1999 164 2056 est
185 1998 245 2055 aut
260 1989 404 2073 aequata
418 1996 475 2054 aut
489 1989 656 2072 iqnomsta.
673 1989 843 2073 Extemplo
859 1989 982 2056 accensi
1005 1989 1118 2066 animi,
1136 1990 1176 2056 ad
1191 1991 1246 2056 illa

116 2097 150 2144 sc
165 2079 373 2144 coniecerant
386 2075 543 2144 horrenda
557 2077 639 2142 bella
650 2095 688 2142 ac
702 2078 834 2154 melers,
848 2095 929 2162 quae
944 2078 1098 2156 latissime
1114 2078 1248 2147 Germa·

116 2167 219 2243 niam,
237 2166 374 2234 Galliam
390 2165 519 2242 alicubi,
536 2165 727 2243 Helvetium,
737 2165 924 2242 Poloniam,
934 2167 1079 2236 fraterno
1093 2169 1248 2250 sanguine

116 2256 338 2324 foedaverunt.
356 2255 569 2324 Notissimum
584 2259 633 2320 est
647 2257 885 2322 rusticanorum
896 2255 1027 2334 bellum,
1041 2275 1097 2323 seu
1106 2256 1254 2338 maleta·
1320 2329 1323 2336 λ

116 2347 245 2412 moram
260 2345 295 2410 in
306 2345 549 2426 proprietarios,
561 2344 811 2426 quodLutherus
821 2346 1028 2422 excitaverat,
1039 2350 1073 2413 et
1088 2345 1245 2428 feridna-

116 2434 277 2517 baptistae
293 2433 453 2517 prosecuti
461 2437 548 2510 sunt,
563 2433 794 2500 furentissimas
801 2433 906 2519 plebes
914 2434 1115 2500 ductantibus
1130 2432 1242 2510 Storlr,

116 2525 287 2598 Munzero,
311 2523 461 2588 moraviis
477 2522 630 2588 fratribus
644 2523 781 2590 liuttere
804 2527 838 2588 et
853 2521 1014 2597 Gabriele,
1035 2523 1245 2608 omniumque

116 2612 268 2678 fraudum
283 2612 444 2694 magistris
458 2611 596 2678 Matthia
611 2614 645 2676 et
657 2612 777 2678 loannc
792 2629 810 2676 a
825 2612 944 2696 Lepda.
958 2611 1115 2697 liquidem
1125 2611 1245 2680 Luthe·

116 2719 172 2766 rus
188 2701 329 2784 primum
340 2700 629 2768 ineaclesiasticam
639 2699 853 2766 hierarchiam
863 2701 1091 2767 etelericomm
1103 2701 1247 2786 proprie-

118 2795 203 2857 tates
218 2791 442 2864 excanduerat,
459 2789 637 2855 faventibus
652 2789 850 2872 principibus
864 2790 920 2871 qui
930 2791 1091 2857 Ecclesiae
1106 2791 1246 2858 auctori·

120 2884 222 2946 tatem
235 2878 493 2954 adversabantur,
503 2878 632 2961 eiusque
642 2878 726 2944 bona
736 2879 776 2943 ad
787 2897 821 2944 se
836 2879 963 2946 trahere
975 2879 1172 2946 nitebantur.
1183 2878 1245 2946 Sed

120 2969 224 3046 brevi,
243 2986 303 3049 pro
318 2969 466 3050 dogmate
487 2966 652 3050 religioso,
670 2966 803 3050 politico
818 2972 852 3035 et
865 2967 964 3044 civili,
983 2967 1159 3034 constituta
1174 2986 1244 3034 om·

119 3057 211 3122 nium
226 3057 458 3124 absolutissima
474 3057 665 3141 aequalitate
678 3060 711 3122 et
726 3056 943 3134 fraternitate,
965 3056 1096 3141 politica
1118 3049 1244 3140 quoque

119 3145 314 3226 hierarchia,
326 3152 360 3213 et
370 3146 472 3212 civilis
482 3151 578 3231 atque
586 3145 759 3214 domestica
770 3145 913 3224 libertas,
921 3146 1097 3218 theoretice
1107 3151 1142 3213 et
1151 3163 1243 3229 praa-

121 3236 185 3302 tice
201 3253 372 3302 concussae
386 3233 486 3320 sunt(
506 3233 530 3321 ).
1127 3281 1131 3288 -

200 3397 242 3474 (a)
256 3401 330 3457 llaec
346 3399 408 3472 tria,
421 3399 583 3473 proprietas,
601 3398 770 3474 principatus
783 3397 872 3458 civilia
885 3402 913 3456 et
925 3397 1138 3469 ecclesiasticus,
1156 3413 1173 3456 a
1186 3399 1241 3456 Lu·

122 3475 202 3533 thero
216 3475 299 3532 simul
312 3476 433 3547 impetita
447 3485 521 3549 sunt,
536 3474 688 3548 iterumque
701 3493 716 3532 a
730 3476 923 3533 communistis
937 3476 1115 3545 impetuntur.
1132 3473 1181 3531 llle
1196 3489 1242 3531 re·

121 3567 171 3624 ges
184 3550 350 3622 appellabat:
362 3551 553 3624 plebeculam,
569 3551 710 3625 stupidos,
724 3557 877 3626 tpraaaos,
892 3549 1065 3625 praedones,
1087 3565 1242 3608 carcerum

121 3626 264 3692 mandes,
279 3629 443 3701 curatrices,
457 3626 577 3684 rabidos
590 3641 688 3699 canes,
703 3643 828 3699 qaorum
846 3629 993 3700 sanquine
1010 3624 1162 3683 taeaadae
1173 3629 1243 3683 aurat

123 3719 243 3769 manus,
252 3701 420 3774 incipiendo
429 3719 450 3760 a
462 3701 660 3776 Papatoper.
670 3705 799 3774 Lnrn.,t.
816 3702 851 3775 ll,
860 3717 889 3774 p.
902 3705 969 3772 ²583
981 3708 1002 3757 t.
1011 3701 1045 3773 X,
1060 3701 1239 3773 pitisio).

123 3778 227 3835 florum
248 3777 378 3850 plurima,
392 3779 477 3835 nostri
491 3779 629 3849 memoria,
652 3777 864 3836 renovabantur.
888 3798 900 3827 a
916 3777 1074 3848 Redemptis
1092 3777 1239 3848 adhristo,

123 3853 287 3923 affirmabat,
300 3855 454 3926 iamneque
469 3854 620 3925 principem
630 3867 784 3926 superesse,
794 3867 880 3925 neque
890 3867 985 3925 regem
996 3852 1037 3910 vel
1048 3851 1179 3924 gladium:
1191 3866 1241 3924 pro

123 3930 251 3985 omnibus
264 3930 338 3986 euim
351 3927 477 3985 sufficere
491 3930 621 4000 Spiritum
634 3930 772 3985 Sanctum.
789 3949 800 3979 o
817 3928 866 3997 Qui
880 3928 915 3983 ita
926 3926 1025 3999 populo
1038 3927 1241 3996 assentabatur,

124 4007 182 4062 eius
200 4019 296 4077 opera,
317 4003 432 4061 ardente
446 4005 471 4061 in
485 4005 621 4076 principes
640 4005 841 4061 rusticanorum
861 4002 944 4074 bello,
965 4004 1053 4060 versis
1073 4002 1187 4075 vicibus,
1203 4002 1241 4059 ita

125 4081 284 4150 principum
292 4080 409 4153 gratim
419 4079 582 4152 aucupabar:
595 4079 776 4136 «Paradisum
787 4084 923 4136 mereatur
933 4079 1073 4149 princeps,
1083 4080 1242 4150 sanguinem

127 4155 179 4214 late
193 4156 348 4214 effundens.
363 4155 571 4227 Assurgendom
584 4154 710 4226 pedibus:
723 4155 818 4211 rustici
829 4153 946 4212 rebelles
957 4169 992 4211 ac
1005 4153 1169 4227 praedones,
1180 4153 1243 4225 glu-

125 4231 166 4288 dlo
177 4231 219 4289 vel
235 4239 385 4304 utcumque
398 4231 580 4302 confodiendi,
595 4229 745 4303 iugulandi.
761 4229 901 4288 Vindictae
912 4230 980 4286 hora
994 4229 1118 4288 insonuit!
1129 4230 1179 4297 Qui
1190 4245 1242 4300 pu-

125 4309 234 4377 gnando
244 4306 666 4381 inrusticosmoritur,beatuset
676 4312 790 4380 martyr:
800 4305 846 4378 qpi
856 4305 884 4361 in
897 4320 989 4379 reges,
997 4303 1144 4363 estdiaboli
1154 4320 1242 4362 mern·

125 4381 204 4438 brom
215 4390 243 4440 et
255 4383 352 4440 inferni
365 4383 539 4454 mancipium.
549 4381 646 4455 Perge,
661 4381 708 4438 lili:
719 4396 796 4455 rape,
810 4381 914 4450 occide,
926 4379 1053 4454 incende,
1064 4379 1172 4438 nomine
1181 4381 1240 4452 bei,

125 4456 195 4514 bona
209 4460 378 4516 conscientia
397 4473 429 4514 ac
443 4458 505 4514 frde.
523 4459 633 4514 Nemini·
647 4457 761 4530 parcito:
777 4471 828 4514 nec
842 4455 940 4530 viduis,
956 4471 1007 4513 nea
1020 4453 1141 4528 pupillis.
1160 4475 1171 4505 r
1192 4453 1240 4526 (Cf.

125 4533 257 4606 Tnnruan,
270 4533 380 4591 latrod.
389 4531 437 4590 del
447 4535 572 4591 Protest.
582 4536 614 4590 ia
622 4532 725 4600 ltalia,
735 4547 762 4605 p.
772 4533 820 4603 ta,
831 4531 971 4604 illlllaea
981 4529 1138 4588 suavissima
1146 4529 1242 4586 Refor-

128 4611 252 4668 nationis
264 4609 414 4683 aequalitas
428 4615 455 4668 et
467 4609 631 4684 fraternitas,
641 4610 717 4668 cuins
729 4609 831 4668 surculi
842 4609 936 4665 nostra
949 4612 1037 4665 aetate
1051 4611 1240 4664 excreverant.
