3224 5282
143 773 150 792 ‘
184 775 205 840 tt
227 769 362 826 Brentcu.

141 853 218 976 'High
252 846 333 903 Rom·
354 885 362 917 ,

178 2278 204 2352 2)
228 2274 355 2348 Voltalre,

132 2359 211 2413 Dtct.
229 2349 358 2427 pbiloso-

130 2432 180 2502 pb.
198 2435 252 2486 nrt.
269 2427 358 2485 Albe·

130 2511 214 2564 ieme.

171 2976 355 3041 itllousseau,

130 3049 355 3116 Emlletomlll,

129 3141 157 3197 p.
175 3127 240 3182 206.

432 323 474 386 75
878 341 971 389 arnan
986 342 1008 387 ι.
1044 349 1047 354 ·

387 488 517 571 etquod
534 488 652 568 potuit,
670 486 786 552 effecit.
803 474 852 551 Eri
866 486 1018 570 Eutropio
1035 491 1141 551 nutem
1159 505 1175 546 u
1191 503 1255 550 non
1272 485 1374 550 minus
1388 485 1503 552 civita-

389 577 427 652 ti,
438 593 532 659 quom
539 574 702 650 Romulus,
711 574 843 659 profuit:
852 592 926 639 nam
937 580 970 643 et
983 575 1065 656 leges
1072 574 1236 650 Romanis,
1250 591 1415 656 moresque
1426 591 1504 640 eon-

387 664 505 741 stituit,
515 664 572 747 qui
583 664 810 838 crimuetudine
822 663 1013 746 praeliorum
1025 664 1089 729 iam
1101 664 1239 730 latrones
1249 682 1286 730 ac
1296 663 1502 730 semibarbari

386 754 666 835 putabantur.»
1027 783 1031 788 -

465 843 645 924 lll.lgitur,
653 841 785 907 societas
793 841 861 906 sine
869 838 1229 923 religione,estsccietas
1236 841 1306 907 sine
1312 841 1393 906 Deo:
1404 839 1500 917 idest,

383 931 453 996 sine
467 932 637 1014 aequitatis
652 931 768 1006 radice,
779 930 958 1012 iurlumque
972 935 1113 1006 auctore,
1130 930 1200 996 sine
1213 930 1360 1013 principe
1371 945 1409 993 ac
1421 929 1503 1012 legi-

383 1021 451 1096 bus,
465 1020 535 1084 sine
548 1020 674 1085 vindice
688 1037 725 1084 ac
739 1023 987 1084 remuneratore.
1001 1019 1138 1086 Dimissa
1152 1019 1320 1102 religione,
1330 1016 1377 1082 ait
1387 1018 1500 1094 Vicus,

382 1109 542 1175 societatis
548 1109 672 1175 vincula
679 1109 906 1181 dissolvuntur,
914 1109 1042 1192 ipsaque
1050 1109 1162 1191 populi
1171 1109 1279 1191 [ormo
1285 1106 1498 1188 extinguitur.

383 1197 459 1264 Sine
473 1197 642 1281 religione,
658 1198 779 1283 lteique
790 1197 938 1280 imperio,
955 1199 1021 1263 sola
1031 1203 1173 1282 superest
1185 1199 1230 1264 ris
1242 1196 1382 1262 hominis
1392 1195 1429 1260 in
1440 1196 1502 1260 ho-

382 1287 514 1352 minem:
528 1305 591 1352 non
604 1287 724 1352 morale
736 1286 784 1351 vel
795 1285 888 1352 civile
898 1287 1105 1364 consortium,
1118 1287 1174 1354 sed
1183 1286 1348 1357 brutorum
1359 1302 1439 1368 grex
1448 1303 1506 1351 eo·

381 1377 454 1442 dem
470 1376 552 1442 vallo
568 1381 623 1443 ont
637 1393 730 1442 cerea
744 1375 977 1442 conclusorum.

470 1465 514 1531 X.
524 1465 597 1534 Nor
608 1465 686 1530 haee
696 1481 772 1534 sene
781 1459 908 1548 piorum
920 1464 1069 1549 suspiria,
1078 1464 1134 1531 sed
1146 1481 1300 1531 novorum
1311 1482 1440 1548 quoqne
1451 1481 1505 1530 re-

381 1554 594 1620 formatorum
608 1554 747 1629 decreta,
764 1571 845 1637 quae
859 1553 980 1620 instans
995 1555 1190 1620 obstrueret
1204 1553 1387 1619 necessitas.
1397 1557 1457 1620 hit
1469 1571 1505 1618 e-

381 1644 449 1708 nim
464 1643 605 1726 quidam:
616 1643 771 1712 «Nollem
787 1643 868 1708 mihi
882 1661 954 1708 rem
966 1661 1033 1708 esse
1046 1662 1120 1709 curn
1135 1643 1231 1709 atheo
1245 1642 1400 1726 principe,
1412 1644 1504 1708 cuius

381 1732 480 1799 terret
500 1733 624 1800 utilitas
639 1736 676 1798 ut
690 1746 742 1796 me
755 1732 790 1798 in
805 1732 959 1798 mortario
973 1732 1194 1798 contunderet:
1216 1735 1304 1796 certe
1318 1731 1405 1796 enirn
1425 1749 1505 1796 con-

379 1826 468 1885 tusus
482 1823 604 1901 peribo.
628 1821 767 1896 Nollem,
784 1821 812 1885 si
827 1839 883 1886 rex
897 1839 1009 1898 essem,
1032 1821 1142 1887 atheos
1156 1819 1239 1884 mibi
1254 1819 1371 1885 aulicos
1387 1821 1504 1886 obver-

378 1910 455 1982 sari,
472 1927 607 1990 quorum
622 1908 800 1984 interesset,
809 1909 888 1973 mibi
905 1928 1026 1979 veneno
1040 1913 1179 1975 mortem
1192 1910 1399 1975 consciscere:
1412 1927 1433 1973 e
1447 1927 1504 1973 cu-

379 1995 483 2060 biculo
494 1997 683 2078 egredienti,
694 1999 848 2066 continuo
860 1998 941 2062 mihi
952 1999 1101 2064 antidoto
1112 1999 1285 2064 carendum
1300 2002 1395 2063 esset.
1405 1997 1502 2062 Prin-

378 2085 499 2168 cipibus
514 2085 620 2168 itoque
631 2092 663 2150 et
676 2087 800 2170 populis
814 2085 974 2152 absolutor
984 2096 1029 2153 est
1039 2088 1241 2162 assereretis,
1258 2090 1295 2152 ut
1306 2087 1378 2151 idea
1389 2103 1502 2168 supre-

379 2173 425 2237 mi
440 2173 600 2250 Numinis,
618 2176 781 2252 crontoris,
797 2174 1026 2258 qttbcrmtoris,
1042 2176 1291 2241 remuneratoris
1302 2193 1338 2240 ae
1349 2175 1499 2247 modios,

379 2261 525 2327 cordibus
541 2262 698 2345 protende
709 2262 865 2346 insculpta
877 2263 981 2346 rigeat
992 2282 1029 2330 ac
1039 2265 1220 2330 dominetur
1228 2263 1295 2347 2).»
1305 2265 1399 2330 nter
1410 2281 1501 2335 vero,

380 2350 414 2414 in
430 2352 576 2417 eumdem
590 2352 791 2435 prosequitur
805 2353 1009 2432 sententiam:
1024 2373 1043 2414 o
1056 2353 1136 2418 Fide
1149 2353 1183 2416 in
1193 2353 1297 2417 neum
1312 2358 1346 2419 et
1361 2353 1397 2416 in
1413 2351 1503 2416 lutu-

380 2457 451 2504 ram
465 2441 563 2506 vitam
577 2441 718 2515 dimissa,
733 2443 814 2507 nihil
830 2441 893 2507 nisi
908 2441 1084 2518 mendacia,
1096 2441 1291 2525 hypocrisim
1304 2446 1401 2525 atque
1416 2441 1504 2505 iniu-

380 2528 501 2595 stitiam
515 2530 681 2594 debachari
695 2529 868 2616 conspicio.
878 2529 1008 2596 Utilitas
1025 2548 1101 2611 prae
1115 2531 1274 2594 omnibus:
1291 2530 1381 2604 vitia,
1401 2532 1503 2595 virtu-

379 2622 448 2682 tum
462 2619 564 2699 specie
577 2619 838 2685 condecorantur.
852 2617 936 2686 Mihi
951 2619 1089 2685 serviant
1104 2619 1254 2694 universi,
1269 2622 1384 2684 cuncto
1396 2618 1437 2681 ad
1450 2636 1502 2682 me

379 2723 478 2769 unum
492 2711 699 2774 revertantur:
723 2725 775 2772 me
790 2705 955 2781 ineolumi,
972 2709 1081 2789 pereat
1096 2723 1193 2787 genus
1208 2703 1395 2771 homanum!
1414 2708 1502 2770 llaec

378 2793 543 2860 intimiora
558 2813 648 2861 sensa
660 2795 750 2872 athei
766 2794 998 2861 ratiocinantis.
1015 2795 1101 2860 Vere
1116 2794 1175 2858 hoc
1191 2792 1330 2859 teneam:
1354 2794 1505 2877 quicum-

377 2902 438 2966 que
453 2882 582 2972 dixitin
594 2883 690 2950 corde
704 2901 760 2948 suo
774 2903 841 2950 nort
855 2891 899 2950 cst
910 2880 1009 2961 Deus,
1023 2884 1147 2967 alioque
1160 2883 1334 2959 concludit,
1348 2885 1398 2949 vel
1411 2903 1506 2950 men·

377 2973 438 3038 dax
453 2979 513 3049 est,
532 2975 580 3040 vel
595 2975 771 3038 insensatus
785 2971 829 3058 3).
845 2995 863 3038 >›

466 3063 525 3129 lll.
545 3063 650 3144 Quum
665 3061 735 3127 idea
752 3060 940 3143 imperantis
954 3059 1026 3136 nei,
1044 3065 1078 3126 et
1092 3059 1216 3126 deliniti
1231 3060 1397 3125 cuiusdam
1413 3062 1507 3126 codi-

376 3150 434 3227 ois,
453 3168 565 3236 exque
579 3151 725 3233 religlosa
737 3151 807 3214 iura
819 3151 1064 3225 constituantur,
1079 3152 1187 3214 tantae
1197 3149 1240 3214 sit
1253 3151 1458 3215 necessitatis
1471 3155 1507 3216 ut

376 3241 544 3306 hominum
556 3241 620 3309 vita
632 3244 665 3305 et
676 3240 808 3306 societas
819 3240 858 3304 ad
869 3256 1068 3305 communem
1080 3237 1176 3300 linem
1188 3237 1380 3318 diriganturr
1396 3240 1507 3321 sequi-

376 3335 484 3408 tur,ea
492 3349 589 3412 genias
600 3327 773 3393 humanum
784 3327 939 3410 religione
950 3325 1104 3416 indigere,
1115 3342 1194 3407 quae
1207 3344 1270 3390 non
1283 3325 1458 3390 hominum
1471 3347 1508 3392 o-

377 3416 636 3498 pinionibus,sed
651 3415 916 3480 manifestissimis
932 3414 990 3480 Dei
1007 3413 1141 3477 oraculis
1158 3414 1354 3494 perdolatum
1365 3416 1421 3479 cui
1442 3437 1508 3482 non

375 3506 520 3570 homines
540 3504 758 3577 dominentur,
778 3505 833 3567 sed
847 3505 915 3586 ipse
930 3501 1124 3575 hominibus;
1149 3519 1206 3566 nec
1222 3502 1345 3584 populis
1369 3509 1506 3568 tantum

375 3593 555 3667 immineat,
579 3591 636 3655 sed
650 3591 770 3671 legibus
784 3591 873 3674 ipsis,
896 3589 1129 3673 magistratibus
1150 3595 1183 3654 et
1197 3590 1408 3675 principibus.
1430 3593 1507 3658 Uno

375 3683 480 3756 verbo,
498 3699 579 3764 quoe
592 3696 750 3747 summum
764 3680 807 3746 sit
823 3681 999 3745 animarum
1015 3676 1185 3752 rincuhun,
1207 3679 1348 3759 quaesit
1364 3679 1509 3761 explici-

376 3769 665 3844 ta,authentica,et
676 3785 834 3834 summum
846 3769 894 3833 ius
906 3767 1071 3833 hominum
1083 3769 1116 3830 et
1127 3766 1270 3845 gentium
1282 3767 1408 3832 invicte
1424 3787 1509 3833 con-

374 3858 498 3925 stituat.
511 3858 572 3926 Sed
583 3856 697 3939 religio
714 3873 801 3922 mere
816 3855 979 3930 naturalis,
989 3852 1135 3918 humanis
1151 3857 1276 3918 tantum
1288 3855 1508 3938 opinionibus

372 3947 535 4024 innititur,
547 3947 634 4014 nulla
647 3946 832 4012 nnmedlata
843 3949 877 4012 et
887 3943 1014 4010 coelesti
1031 3941 1191 4005 sanctione
1206 3943 1377 4022 glorieturr
1393 3944 1510 4010 horni-

373 4053 450 4100 num
461 4036 609 4120 ingeniis,
624 4036 776 4111 moribus,
794 4035 913 4116 legibus
929 4036 1019 4113 paret
1032 4028 1136 4111 potius
1151 4044 1245 4110 quam
1261 4030 1419 4112 imperem
1436 4053 1507 4097 non

374 4141 436 4188 nnn
447 4131 626 4212 propterea,
637 4126 690 4192 sed
702 4124 881 4206 multiplex
892 4119 976 4184 nihil
985 4117 1050 4181 lere
1061 4116 1101 4179 de
1111 4118 1191 4191 Deo,
1202 4121 1329 4198 praeter
1345 4119 1418 4184 eius
1435 4123 1509 4185 exi-

371 4214 523 4279 stentiam
531 4216 716 4293 edisserensr
729 4207 856 4280 nihilde
865 4209 931 4275 eius
939 4206 1037 4280 cultu,
1050 4203 1130 4268 nihil
1138 4204 1309 4270 defuturae
1322 4207 1412 4272 vitae
1424 4228 1507 4274 eon·

372 4301 545 4370 ditionibus
557 4306 731 4387 proterens:
747 4306 876 4368 naturae
892 4293 1112 4360 infirmitatem
1130 4309 1193 4355 non
1209 4292 1508 4376 elevotcupidita-

339 4447 342 4454 ,
372 4393 420 4456 tes
435 4391 487 4458 vix
503 4399 640 4471 coercet,
665 4399 832 4474 totumque
844 4382 1011 4451 hominem
1023 4379 1272 4446 dubitationibus
1296 4399 1334 4446 oc
1354 4386 1508 4452 tenebris

370 4480 553 4547 obvolutum
568 4481 628 4547 sibi
643 4483 704 4568 ipsi
718 4474 871 4560 relinquit
886 4471 898 4558 (
918 4469 941 4555 ).

448 4597 487 4673 (a)
501 4599 570 4656 llinc
584 4600 699 4657 maximo
713 4599 806 4655 nostra
819 4606 835 4646 o
848 4581 1020 4669 Pulendorfio
1035 4581 1178 4670 dissensio.
1198 4582 1287 4649 Quum
1301 4583 1378 4640 enim
1390 4591 1506 4656 posuis-

371 4675 424 4746 set,
433 4673 497 4733 iuris
508 4673 638 4736 naturalis
649 4673 769 4734 officium
780 4681 852 4740 csse,
866 4663 1000 4721 hommem
1016 4652 1183 4716 socrobtlem
1194 4655 1317 4733 edicere,
1330 4667 1418 4731 prout
1429 4669 1504 4721 tao·
