3238 5282
415 302 481 372 214
549 389 552 396 1
819 341 823 348 ,
865 325 959 376 araon
975 326 1010 375 ιι.

368 470 423 536 aad
433 469 502 534 eius
512 471 598 554 quod
608 477 682 536 ante
693 472 843 538 conflatas
853 475 1021 540 societates
1032 472 1242 555 unusquisque
1252 469 1433 553 potiebatur
1441 470 1500 534 ad-

144 554 167 626 Ι)
184 561 226 613 0²
242 561 346 630 repam.
370 576 474 624 versus
488 575 543 624 eos
557 560 611 642 qui
624 575 751 641 gravem
763 562 835 626 aliis
846 560 997 627 iniuriam
1009 561 1190 627 intulissent
1198 558 1403 643 1).Doctrina
1415 559 1499 624 baec

120 633 347 705 ⁶³⁰offl⁰¹⁸i¹¹=
368 647 488 714 duobus
507 647 595 713 iaisis
610 649 731 714 laborat
747 651 930 733 suppositis.
947 651 1031 720 Nam
1049 650 1080 716 1.
1097 655 1198 716 statua
1214 654 1346 714 naturae
1361 665 1496 713 omnem

121 725 149 764 ⁰·
162 713 190 781 ²²
205 715 232 774 ⁸·
244 707 258 765 ⁷
272 715 328 770 ⁰¹⁰·
367 735 553 804 societatem
570 737 788 820 praeveniens,
814 757 985 824 numquam
1000 740 1122 806 extitit:
1144 744 1244 806 status
1257 738 1385 803 bomini
1400 743 1497 804 uatu-

370 827 539 895 turaiisest
550 833 650 894 status
660 827 834 895 societatis.
850 831 884 894 2.
896 829 1052 911 Equidem
1067 828 1200 910 singuiis
1210 829 1367 910 competit
1378 827 1497 892 iusdc-

368 915 524 982 iensionis
542 921 653 982 contra
668 917 814 999 iniquum
829 935 1058 999 aggressorem3
1083 918 1137 982 sed
1153 919 1202 982 ius
1216 917 1375 982 vindictae
1388 922 1497 1001 etpu-

369 1005 516 1082 nitionis,
526 1011 616 1072 extra
627 1005 728 1090 ipsam
743 1009 989 1089 aggressionem,
1004 1027 1066 1072 non
1078 1006 1238 1094 privatum
1249 1010 1298 1071 est
1309 1005 1373 1082 ius;
1383 1025 1501 1088 quum·

369 1112 431 1178 que
440 1095 601 1178 pubiicum
612 1095 758 1160 ordinem
770 1099 905 1179 spectet,
919 1096 1043 1161 adeum
1055 1095 1257 1172 naturaiiter,
1270 1113 1391 1183 suaque
1402 1097 1436 1160 ri
1446 1114 1499 1162 re-

330 1215 335 1226 ,
370 1185 485 1257 tertur,
502 1184 556 1268 qui
571 1184 727 1266 publicam
746 1186 830 1266 gerit
845 1184 1169 1251 administrationem.

459 1273 684 1346 xxiidam
700 1273 777 1339 iniit
793 1274 876 1341 viam
891 1277 1064 1349 Rousseau,
1075 1273 1268 1339 contendens
1279 1273 1329 1338 ius
1345 1273 1498 1340 omnibus

370 1379 438 1427 csse
453 1362 617 1445 propriam
632 1363 743 1437 vitam,
753 1363 807 1427 ubi
821 1366 989 1429 necessitas
1002 1363 1137 1444 flagitet,
1146 1361 1363 1445 periclitandi,
1372 1366 1411 1426 ut
1422 1363 1501 1448 ipsi-

371 1455 437 1517 met
453 1451 537 1516 vitae
551 1455 585 1516 et
600 1451 813 1518 incolumitati
827 1453 1011 1536 prospiciat.
1021 1452 1140 1531 Quare,
1149 1451 1417 1533 quemadmodum
1428 1454 1502 1517 uni·

370 1539 483 1624 cuique
494 1555 688 1616 concessum,
698 1541 792 1605 domo
804 1543 930 1624 penitus
940 1541 1165 1623 conflagrante,
1176 1544 1289 1622 aperto
1301 1540 1402 1605 etiam
1415 1542 1501 1608 vitae

347 1651 348 1654 ¹
370 1629 614 1712 discrimine,se
630 1649 648 1696 e
663 1628 801 1695 fenestra
815 1631 965 1705 deiicere3
979 1630 1025 1695 ita
1038 1630 1161 1712 pariter
1175 1645 1265 1694 suam
1282 1627 1499 1712 oppignorare

372 1720 471 1784 sitam
485 1719 690 1800 reipublicae,
704 1720 918 1786 remotissimo
933 1719 1056 1785 scilicet
1069 1717 1212 1801 periculo
1226 1737 1261 1783 ae
1276 1719 1496 1796 committere,

141 1847 338 1920 mmm
372 1814 408 1875 ut
424 1808 511 1873 atiud
524 1808 701 1875 declinaret
715 1809 749 1874 in
767 1817 851 1874 statu
866 1818 1014 1898 naturae,
1024 1825 1148 1890 semper
1160 1807 1357 1891 impendens,
1366 1808 1499 1874 validio

126 1925 151 1980 μ
177 1928 206 1980 5,
344 1893 352 1911 '
372 1895 418 1960 ris
433 1897 584 1978 cuiusque
599 1897 704 1978 gladio
719 1899 926 1965 accumbendi
938 1898 982 1982 2).
1001 1898 1039 1962 ln
1053 1913 1149 1979 quam
1163 1895 1451 1963 deinsententiam
1466 1918 1500 1964 a·

145 1969 172 2068 δ’)
186 2001 243 2055 Des
255 1994 356 2052 dtrmt
373 1985 435 2050 biit
441 1984 617 2068 Spedaiieri
626 1983 669 2070 3).
679 1986 874 2071 Hypothesis
888 1988 966 2053 baec
980 1986 1091 2052 omem
1103 1984 1215 2051 Lockii
1231 2002 1341 2050 errore
1357 1985 1497 2053 innitur:

123 2071 291 2145 deit'oomo,
305 2069 352 2126 tib.
375 2071 489 2139 tabella
505 2072 591 2139 enim
607 2079 789 2140 contractus
804 2076 858 2141 ille
873 2095 935 2161 quo
951 2075 1035 2141 cives
1050 2075 1148 2139 vitam
1167 2074 1429 2157 oppignorarent;
1453 2077 1500 2141 ia·

126 2150 148 2220 ¹2
163 2165 190 2207 ⁰·
209 2149 253 2204 ¹³·
351 2161 355 2169 ’
374 2163 455 2230 betia
469 2166 571 2227 statua
586 2163 664 2228 oiim
681 2168 813 2229 naturae
822 2166 893 2229 sine
904 2165 1070 2239 societate3
1080 2161 1194 2230 iabeiia
1205 2167 1385 2228 contractus
1396 2165 1498 2230 socia-

376 2252 428 2326 iis,
451 2252 533 2315 unde
549 2251 717 2317 bominum
728 2251 863 2320 societas
878 2260 989 2320 exorta
1000 2253 1056 2329 sit,
1075 2251 1152 2318 utin
1165 2252 1246 2318 iibm
1257 2252 1354 2318 tertio
1365 2252 1500 2320 manon-

374 2341 558 2409 strabimus.
1378 2379 1382 2387 ι

143 2441 171 2514 ι)
186 2441 249 2497 boc.
265 2438 314 2495 cit.
462 2429 681 2506 nutarit,
697 2431 875 2516 interquos
890 2432 976 2500 idenr
991 2426 1270 2513 damnatius
1287 2429 1374 2496 necis
1389 2450 1433 2498 ex
1448 2431 1498 2498 iu-

374 2537 410 2583 re
422 2517 498 2582 bciii
514 2519 832 2602 proiectum‘volunt.
846 2524 906 2588 Fas
922 2539 1058 2603 namque
1073 2521 1143 2586 iure
1159 2526 1291 2586 naturae
1305 2519 1432 2586 hostem
1448 2523 1498 2587 in-

375 2608 540 2674 terimere:
556 2625 629 2674 eum
641 2614 747 2676 autern
756 2610 811 2693 qui
823 2612 927 2692 legum
939 2610 1111 2678 violatione
1121 2609 1305 2674 societatem
1314 2612 1495 2691 perturbet,

374 2715 438 2762 non
455 2701 521 2762 tam
532 2698 635 2762 civem
650 2716 718 2763 esse
733 2716 827 2781 quam
842 2700 980 2765 hostem.
990 2699 1053 2767 Sed
1064 2697 1358 2781 nequebaacplacct
1368 2706 1499 2765 senten·

373 2786 430 2850 tia:
442 2785 585 2853 hostibus
597 2787 696 2863 enim,
711 2788 809 2854 armis
820 2788 978 2864 demissis,
992 2787 1233 2870 ignoscendum3
1246 2788 1494 2870 praedoautem,

371 2875 471 2940 etiam
483 2876 684 2958 resipiscens,
701 2877 808 2958 capite
823 2877 1004 2943 damnatur.
1207 2879 1210 2884 '

463 2965 588 3031 XXIV.
605 2965 758 3040 Tandem,
773 2983 813 3033 ex
824 2966 1031 3048 Romagnosii
1042 2964 1216 3040 sententia,
1230 2964 1438 3048 iusgladiiex
1447 2969 1498 3032 iu-

373 3070 408 3119 re
423 3053 567 3136 publicac
582 3053 789 3130 detensionis,
803 3054 838 3119 in
850 3056 1035 3122 societatem
1047 3054 1221 3120 emanavit.
1232 3049 1288 3120 ius
1298 3055 1387 3120 enim
1398 3057 1497 3122 habet

372 3143 508 3208 societas
524 3149 559 3209 ut
566 3155 724 3228 sesuaque'
731 3144 1018 3211 membratueatur:
1029 3135 1132 3226 atqui,
1142 3143 1213 3208 sine
1221 3143 1291 3209 iure
1299 3144 1412 3226 gladii,
1424 3147 1496 3211 nui-

372 3233 402 3297 ia
417 3235 467 3298 sat
482 3233 584 3298 valida
600 3239 682 3300 essct
697 3233 747 3300 sui
762 3233 871 3299 tuitio.
889 3233 985 3309 Nam,
1000 3234 1028 3299 si
1044 3232 1128 3296 maia
1143 3233 1347 3298 scelestorum
1362 3234 1495 3318 ingenia

374 3320 427 3386 vix
441 3323 854 3399 mortismetucoercantur,
865 3339 902 3388 ea
913 3321 1192 3396 sublata,crimina
1202 3323 1418 3390 exundabant.
1429 3324 1492 3392 Ubi

374 3409 452 3475 baec
468 3428 564 3492 porro
578 3412 749 3478 criminum
764 3411 926 3488 colbrvies,
941 3412 1028 3478 nulia
1039 3413 1204 3477 securitas:
1218 3411 1273 3477 ubi
1288 3417 1396 3478 autem
1408 3414 1495 3480 nulia

144 3503 170 3572 5)
183 3499 242 3559 vid.
256 3500 355 3555 nomo·
374 3500 539 3575 securitas,
559 3502 734 3566 necessaria
749 3501 795 3566 ibi
809 3501 973 3570 societatis
991 3501 1084 3566 ruina
1097 3498 1141 3584 5).
1154 3499 1290 3568 Meliora
1305 3500 1383 3566 baec
1394 3506 1429 3566 ct
1443 3517 1492 3567 sa-

122 3569 356 3722 Ξῖἂιξέπῗέπᾶθῑ
376 3587 484 3662 niara,
498 3587 708 3692 sed-nondum
724 3591 919 3694 quaestionis
930 3591 1027 3694 tinem
1039 3589 1218 3691 attinguntp
1225 3588 1325 3692 adhuc
1337 3590 1495 3694 coimpe-

125 3740 185 3859 ι)
202 3726 276 3858 qa
374 3675 1479 3844 anisscamenuscaenae{sume

186 3845 193 3875 ‘
428 3901 431 3908 ·
463 3851 1494 3941 XXV.Aplenissima,respondemus,iuriumscaturigine,aDeo

374 3942 442 4025 ipso
458 3943 645 4009 societatem
660 3945 850 4011 instituente
865 3952 899 4013 et
913 3947 1123 4028 gubernante,
1140 3962 1158 4009 a
1173 3964 1237 4027 quo
1251 3946 1358 4011 omnis
1371 3951 1421 4012 cst
1435 3964 1494 4029 po-

376 4035 485 4098 testas.
496 4031 587 4098 Unde
599 4032 688 4098 iilud:
708 4031 853 4098 Vindicta
863 4034 1083 4118 Mupistratus,
1098 4034 1238 4100 vindicio
1249 4042 1294 4099 est
1305 4033 1377 4099 Dei.
1392 4036 1494 4102 lnbo-

374 4138 451 4196 num
467 4121 584 4203 primm
604 4142 622 4181 a
639 4124 666 4187 si
681 4126 787 4188 autem
800 4122 1023 4200 malefeceris,
1038 4123 1129 4188 time:
1143 4140 1207 4186 non
1221 4123 1308 4187 enim
1319 4124 1389 4190 sine
1400 4142 1493 4190 causa

374 4208 516 4294 gladium
529 4211 718 4292 portatum
726 4211 969 4279 coimministcr
977 4212 1163 4278 estzvindex
1174 4211 1208 4276 in
1220 4213 1338 4277 iramei
1346 4213 1401 4296 qui
1410 4213 1493 4278 maie
1546 4277 1550 4284 .

149 4300 176 4374 6)
187 4300 355 4374 dom-xlii,
373 4300 442 4383 agit
457 4298 502 4385 6).
522 4323 540 4364 o
555 4299 667 4376 Saeva,
682 4300 738 4366 sed
753 4301 954 4384 antiqualer,
968 4301 1250 4368 cuiuslatorlieus:
1262 4321 1280 4362 u
1293 4301 1494 4386 Quicumque

129 4378 158 4432 ⁴·
374 4389 523 4456 effuderit
534 4389 707 4467 humanum
714 4389 1366 4474 sanguinemiundetursanguisiiliustad
1379 4391 1494 4472 imagi·

150 4487 173 4564 7)
184 4489 353 4566 Gradiue.
375 4497 449 4544 nem
464 4480 584 4566 quippe
600 4479 660 4546 Dei
674 4481 777 4548 iactus
791 4483 841 4546 est
855 4480 953 4547 bomo
969 4478 1015 4564 7).
1031 4483 1226 4558 »asnorum
1236 4498 1294 4563 per
1304 4481 1450 4564 Mopscm
1461 4485 1494 4547 et

376 4567 558 4653 prophetas:
575 4589 592 4632 a
608 4568 771 4640 Maiebcos
786 4589 850 4638 non
866 4569 996 4658 patietis
1008 4571 1124 4642 vivere.
1143 4617 1151 4637 .
1169 4617 1176 4636 .
1192 4571 1367 4648 occidetur,
1389 4573 1493 4636 exter-
