3224 5282
427 324 469 385 78
874 348 967 396 arnna
983 349 1005 397 ι.

471 491 562 556 xiil.
577 491 659 556 lline
675 491 846 559 infirmitas
860 495 1048 576 explicatur,
1062 512 1123 578 qua
1137 494 1238 560 civilis
1252 493 1337 559 orbis
1351 496 1494 560 concuti·
1606 507 1607 526 ¹

380 585 444 644 tur.
454 579 558 659 Quium
567 580 672 645 civilia
683 582 818 646 condere
827 583 896 646 iura
904 585 1148 664 aggrederentur
1156 584 1290 666 politici,
1300 584 1408 648 divina
1417 602 1494 666 quo-

380 685 442 750 que
456 668 618 749 religionis
632 669 701 733 iura
717 671 847 736 relicere
863 672 912 735 vel
927 671 1061 736 condere
1076 673 1144 736 ausi
1158 677 1242 736 sunt.
1250 671 1339 740 Unde
1354 689 1437 754 quae
1447 673 1494 736 di-

380 757 454 820 vina
475 762 543 822 erat
559 757 684 840 religio,
707 760 840 841 populos
855 764 949 842 atque
965 761 1153 843 imperantes
1168 761 1328 826 refrenans
1343 767 1376 825 et
1391 762 1494 826 conti-

383 863 472 918 nens,
489 846 582 910 modo
597 864 614 910 a
630 847 834 928 principibus,
853 849 947 913 modo
963 867 981 913 a
998 850 1253 931 legumlatoribus
1268 855 1363 924 tacta,
1382 849 1494 914 huma-

384 951 422 997 na
439 939 533 1017 atque
544 934 674 999 infimis
691 935 772 1000 iacta
787 942 847 1003 est.
868 937 1024 1020 Equidem
1039 938 1198 1020 praeclara
1218 939 1348 1003 nomina
1363 939 1492 1004 iuventa

382 1028 468 1089 sunt:
486 1023 783 1104 hemitritaeus
802 1023 908 1091 Status
924 1027 1105 1103 auctoritas
1129 1027 1274 1091 voluntas
1287 1027 1490 1107 populorum.

383 1110 444 1177 Sed
455 1111 542 1194 quid,
554 1112 593 1176 ad
604 1113 653 1176 ius
668 1113 834 1195 religionis
851 1116 901 1180 vel
916 1116 1086 1190 societatis,
1105 1117 1202 1180 miser
1217 1115 1272 1181 ille
1286 1116 1381 1190 Deus,
1400 1133 1493 1198 quem

383 1199 514 1284 quisque
526 1219 585 1281 pro
597 1201 725 1283 ingenio
738 1202 799 1267 sibi
807 1204 988 1271 confixerit?
996 1203 1079 1285 Quid
1088 1205 1202 1280 Status,
1213 1205 1287 1286 quid
1294 1205 1491 1287 Populus,ni·

383 1290 411 1354 si
422 1294 595 1363 creaturae,
609 1309 688 1373 quae
700 1310 762 1356 non
776 1293 863 1374 ipsae
877 1292 1018 1357 divinum
1031 1292 1080 1358 ius
1094 1295 1300 1367 constituant,
1311 1294 1366 1358 sad
1377 1292 1427 1357 illi
1438 1294 1496 1358 oh-

383 1378 646 1461 sequantur‘lHoc
662 1398 759 1444 unum
774 1383 935 1446 efficimus:
944 1386 991 1458 ut,
1001 1386 1153 1464 quantum
1168 1399 1186 1446 a
1200 1382 1326 1447 condita
1341 1382 1494 1446 divinitus
1607 1421 1608 1428 κ

360 1543 362 1554 Ι
383 1465 536 1549 religione
550 1468 746 1545 recessimus,
763 1473 888 1536 tantum
903 1471 942 1535 ad
957 1471 1183 1554 paganismum,
1201 1471 1328 1553 eiusque
1343 1471 1427 1534 mala
1442 1488 1495 1535 re·
1607 1485 1608 1498 ¹

382 1556 573 1638 gradiamur.
583 1558 666 1624 llinc
674 1560 1040 1640 concussionesgentium
1049 1563 1328 1642 atqueregnorum:
1341 1559 1496 1624 hincsub-
1607 1571 1608 1582 ¹

384 1663 470 1711 versa
486 1646 643 1712 libertatis
658 1647 720 1724 lex,
739 1665 834 1731 quam
849 1649 993 1729 gentibus
1008 1648 1055 1712 ius
1070 1648 1211 1714 divinum
1228 1647 1389 1713 intulerat.

472 1734 563 1802 XIV.
580 1737 675 1812 Nam,
696 1755 792 1820 quum
808 1742 881 1802 ante
895 1737 1091 1819 redemptum
1107 1755 1203 1818 genus
1218 1737 1400 1809 humanum,
1423 1735 1496 1800 iura

383 1823 422 1888 ab
436 1824 616 1906 hominihus
631 1830 826 1899 crearentur,
841 1826 896 1889 alii
911 1826 1045 1890 aliorum
1059 1825 1233 1890 serviebant
1248 1824 1414 1890 voluntati.
1433 1824 1498 1890 Sed

381 1919 582 1994 praeceperat
598 1912 750 1978 Christus:
770 1935 787 1973 a
803 1915 905 1996 Reges
924 1915 1066 1995 gentium
1085 1913 1287 1979 dominantur
1303 1931 1424 1976 eorum:
1440 1931 1497 1978 vos

160 1992 360 2069 lii,ue.,xllll,
382 2004 489 2065 autem
505 2017 569 2065 non
584 2001 629 2065 sic
650 2000 691 2085 1).
717 2025 735 2064 »
759 2002 811 2066 lus
831 2003 952 2068 scilicet
966 2021 1075 2079 unum,
1097 2003 1216 2067 ecaelo
1231 2002 1381 2066 delatum.
1402 2001 1497 2068 Unde

138 2074 185 2140 ²⁵2
200 2073 247 2126 ²⁶¹
383 2106 454 2153 vere
471 2089 651 2170 Apostolus:
667 2110 685 2150 a
703 2090 766 2155 Sub
781 2091 946 2156 elementis
958 2093 1067 2157 mundi
1081 2109 1204 2156 eramus
1221 2089 1390 2155 servientes
1410 2088 1455 2172 2).
1475 2113 1495 2152 a

138 2220 171 2276 ,V
186 2145 214 2275 ἓξ
239 2143 355 2220 coloe,
382 2177 495 2242 Mundi
517 2178 619 2242 civilis
634 2179 789 2242 elementa
812 2178 948 2246 innuunt
964 2197 1155 2262 paganorum
1170 2196 1292 2255 aevum,
1313 2196 1376 2262 quo
1398 2177 1498 2242 homo

174 2259 181 2290 ²
200 2255 225 2275 '⁶
383 2265 522 2329 hominis
533 2267 666 2332 arbitrio
674 2285 710 2330 ac
719 2267 930 2332 dominationi
940 2270 1189 2351 mancipabatur.
1200 2266 1325 2333 Christo
1334 2268 1500 2332 antemius

384 2371 481 2418 unum
497 2356 643 2420 omnibus
659 2355 814 2430 edicente,
830 2356 895 2421 iam
911 2374 1003 2421 nemo
1019 2375 1124 2422 servus
1139 2361 1187 2422 est
1200 2356 1341 2420 hominis
1355 2355 1409 2420 sed
1420 2355 1496 2430 Dei,

381 2442 449 2508 Deo
462 2443 530 2526 ipso
546 2445 626 2510 iusta
636 2462 693 2526 per
706 2444 851 2509 homines
866 2445 1053 2527 imperante.
1063 2446 1132 2511 Hoc
1142 2445 1211 2509 iure
1219 2445 1351 2509 societas
1361 2443 1498 2525 pulchro

381 2531 493 2596 ordine
508 2538 576 2598 erat
589 2534 787 2610 cumulanda:
805 2538 854 2598 est
868 2534 953 2597 enim
967 2535 1047 2600 ‘ordo
1062 2532 1205 2598 subiectio
1227 2533 1453 2615 imperantium
1468 2539 1499 2594 et

376 2621 572 2701 populorum
587 2622 638 2699 iis,
662 2640 742 2702 qaue
757 2639 778 2685 a
792 2639 916 2686 summo
931 2622 990 2686 Dei
1005 2623 1067 2706 iege
1082 2623 1283 2687 ordinantur.
1308 2619 1497 2687 Necessario

377 2708 489 2789 igitur,
515 2709 677 2774 infirmato
699 2710 746 2776 vel
762 2708 904 2791 disrupto
921 2710 1020 2776 divini
1036 2711 1114 2775 iuris
1128 2711 1192 2775 sive
1206 2709 1372 2791 religionis
1388 2710 1499 2773 vincu-

377 2796 420 2872 lo,
438 2798 534 2862 homo
546 2798 665 2863 iterum
676 2797 709 2862 in
721 2798 884 2863 hominem
896 2798 1090 2874 dominatur,
1109 2798 1393 2863 nutantsocietatis
1406 2797 1498 2862 iasti-

373 2885 438 2966 gia,
457 2891 585 2968 totaque
601 2887 734 2951 societas
750 2886 905 2965 turbatur,
920 2888 1058 2967 angitur,
1073 2904 1132 2951 nec
1147 2887 1269 2950 invenit
1284 2886 1421 2965 amplius
1433 2903 1498 2968 quo

373 2975 506 3039 criterio
519 2975 567 3040 vel
581 2975 799 3048 fundamento,
809 2974 1035 3055 imperantium
1047 2979 1141 3057 atque
1155 2975 1345 3057 populorum
1360 2973 1434 3039 iura
1449 2974 1499 3038 di-

372 3063 600 3130 scriminentur
614 3065 662 3130 vel
677 3063 923 3128 constituantur.

373 3241 481 3299 quoque
495 3226 655 3299 fugientium
666 3227 784 3284 beorum
795 3225 896 3296 templa
910 3225 1111 3282 evertebantur.
1120 3226 1192 3294 Quae
1203 3228 1305 3297 sutem,
1317 3224 1390 3281 inter
1399 3223 1497 3281 huius·

373 3302 443 3358 modi
457 3309 565 3375 gentes,
588 3302 630 3358 vel
646 3302 784 3374 religionis
797 3300 838 3358 vel
856 3302 965 3357 unitatis
980 3301 1019 3356 vel
1033 3302 1105 3371 pacis
1120 3301 1178 3356 ium
1192 3312 1253 3356 esse
1267 3297 1415 3370 poterant?
1427 3301 1499 3356 Hine

373 3377 508 3433 horribilia
533 3377 621 3447 potius
637 3378 811 3446 imperiorum
825 3375 940 3446 excidia,
955 3375 1052 3447 quibus
1065 3375 1187 3430 homiues
1201 3389 1216 3429 a
1230 3389 1294 3430 sene
1308 3373 1343 3430 ad
1359 3374 1499 3431 lactentes

372 3451 611 3522 interficiebantur,
624 3453 784 3520 excisaeque
798 3451 879 3505 urbes
893 3450 1062 3506 delebantur.
1078 3453 1124 3505 En
1136 3448 1187 3505 uhi
1200 3449 1376 3522 dboiafuit!
1390 3451 1429 3505 lle
1446 3451 1502 3506 lio·

372 3526 471 3596 manis,
488 3527 513 3581 in
528 3526 586 3594 ipso
600 3523 722 3579 culturae
739 3524 824 3579 civilis
842 3524 971 3598 culmine,
986 3522 1065 3581 habet
1077 3521 1240 3580 Sallustius:
1263 3544 1275 3573 i
1290 3528 1326 3580 At
1338 3523 1365 3580 hi
1380 3523 1503 3595 ignavis·

373 3599 433 3654 simi
447 3598 578 3671 homines,
600 3612 649 3667 per
663 3613 799 3653 summum
813 3598 914 3672 scelus,
929 3599 1017 3656 omnis
1030 3613 1062 3654 ea
1074 3598 1154 3654 sociis
1167 3597 1299 3671 adimere,
1320 3613 1393 3670 quae
1406 3598 1503 3655 sortis·

372 3673 433 3728 simi
447 3673 497 3727 viri
510 3673 626 3728 viatores
639 3670 761 3728 hostibus
774 3672 953 3743 reliquerunts
964 3672 1076 3744 proinde
1090 3672 1166 3744 quasi
1179 3675 1328 3729 iniuriam
1333 3675 1459 3748 secere,
1475 3672 1504 3730 id

373 3745 482 3804 demum
492 3753 567 3803 esset
580 3749 705 3820 imperio
717 3751 764 3804 uti
773 3768 784 3797 o
795 3746 1063 3820 (Cutilia.,iil.lpsi
1077 3747 1216 3821 triumphi,
1226 3747 1324 3820 quibus
1337 3753 1399 3803 tum
1412 3746 1506 3818 spolia

285 3873 288 3882 .
372 3822 407 3878 de
428 3820 550 3877 hostibus
563 3828 654 3893 capta,
668 3827 696 3878 et
709 3821 810 3893 praeda
824 3823 912 3878 omnis
926 3824 986 3878 auri
998 3829 1078 3892 atque
1093 3822 1210 3894 argenti,
1232 3827 1261 3878 ct
1281 3821 1450 3891 oppidorum
1465 3824 1506 3879 si·

372 3895 505 3968 mulaera,
521 3902 579 3952 tum
593 3896 674 3953 etiam
688 3897 858 3967 captivorum
871 3897 989 3952 hostium
1001 3895 1087 3951 duces
1100 3910 1133 3951 ae
1150 3909 1230 3967 reges
1246 3895 1330 3951 vineti
1344 3895 1506 3970 subseque-

371 3970 482 4041 buntur,
492 3971 555 4042 quid
567 3978 645 4027 erant
655 3970 728 4028 aliud
738 3985 820 4044 quam
833 3971 1009 4027 humanitatis
1023 3969 1179 4041 despectus,
1190 3985 1223 4027 ac
1233 3969 1382 4026 ludibrium
1394 3986 1450 4042 pro
1461 3974 1504 4029 iu·

372 4060 404 4103 rc
415 4043 770 4103 constitutumllerusalem
784 4043 918 4118 excidium
926 4044 1088 4100 meminisse
1102 4043 1366 4102 sufficiatUndeeim
1381 4053 1507 4110 centena

372 4119 456 4177 millia
470 4120 541 4176 lerro
554 4119 602 4176 vel¹
612 4121 727 4176 dammis
748 4120 894 4194 absumpti:
910 4119 951 4174 bis
965 4123 1055 4174 autem
1069 4123 1180 4173 centnm
1193 4117 1279 4174 millia
1292 4118 1334 4175 vel
1350 4118 1505 4195 divenditi,

372 4195 414 4251 vel
425 4195 536 4268 Romae,
551 4194 587 4251 ad
601 4193 765 4266 explendam
780 4192 936 4251 horribilem
951 4191 1087 4262 sanguinis
1101 4190 1183 4261 sitim,
1198 4194 1342 4250 turmatim
1354 4195 1507 4253 incircum

371 4268 413 4326 vel
425 4269 634 4340 amphiteatrum
649 4270 796 4341 compulsi,
808 4267 957 4322 bestiarum
970 4263 1094 4321 dentibus
1108 4263 1150 4320 vel
1163 4265 1219 4320 suis
1233 4267 1356 4338 ipsorum
1371 4271 1506 4327 manibus

371 4344 528 4402 dilaniandi.
544 4344 668 4401 inaudita
682 4343 897 4414 Christianorum
911 4337 1042 4410 supplicia
1059 4337 1124 4411 quid
1136 4341 1304 4398 memorem?
1320 4343 1410 4414 llaec,
1433 4345 1505 4404 alia-

335 4425 339 4432 '
372 4434 425 4493 que
439 4418 606 4492 nefandiora,
620 4419 645 4475 in
657 4416 844 4475 excultissimo
857 4414 930 4469 orbis
944 4412 1066 4483 imperio,
1082 4413 1209 4469 evincent
1222 4430 1360 4487 quaenam
1375 4418 1440 4475 iura
1452 4435 1506 4491 po·

371 4493 498 4565 palorum
511 4510 572 4553 esse
586 4493 702 4568 possint,
712 4492 757 4550 ubi
773 4506 788 4548 a
802 4502 868 4546 vera
882 4486 1023 4560 religione,
1039 4491 1174 4560 tamquam
1189 4502 1205 4545 a
1220 4491 1338 4548 iustitiae
1351 4491 1445 4568 sonte,
1462 4494 1508 4552 di-

371 4571 527 4630 scesserinl.
