3224 5282
578 301 712 356 rrrnms
724 302 773 364 su.
1147 282 1191 352 aa

111 467 205 532 pares
217 450 324 516 iorent
335 452 467 515 naturae
479 448 781 518 rasomonorum
792 450 936 531 gentium
947 451 1236 534 consensus,lleum

112 538 296 604 hominibus
312 539 453 604 locutum
467 538 578 615 luisse,
595 557 636 604 ex
650 556 749 620 eopse
765 538 901 620 petenda
916 555 985 604 esse
997 538 1125 602 oracula
1140 542 1236 622 atquc

114 628 269 709 auspicia.
287 629 393 698 Falsas
408 627 629 704 revelationes,
654 628 736 693 sicut
759 627 835 692 ialsa
855 627 996 696 Numina
1010 626 1234 710 contingendo,
1327 624 1332 635 '

114 722 301 782 erraverant
312 717 384 781 illae
397 716 540 798 quidem:
557 723 591 784 at
602 717 697 784 sicuti
709 715 743 781 in
754 713 939 800 unaquaque
950 733 986 782 re
998 733 1056 780 nee
1067 733 1159 798 error
1169 735 1237 784 esse

116 810 226 888 posset
246 805 439 888 nisiueritas
456 807 687 887 praecessisset,
707 808 742 871 et
756 804 826 870 inlsi
849 805 971 870 nummi
993 821 1082 870 veros
1099 822 1167 872 esse
1183 807 1237 872 de·

116 897 311 970 monstrant;
325 895 370 960 ita
385 895 459 960 licta
472 894 624 970 Numina,
641 895 794 978 fictaeque
808 893 1028 970 revelationes,
1046 911 1155 984 verum
1169 913 1238 962 esse

117 983 234 1058 Deum,
252 987 285 1048 at
300 1001 408 1049 veram
422 983 649 1052 revelationem
661 1002 722 1065 ‘pro
736 983 844 1048 divino
860 984 929 1048 iura
944 984 1062 1049 iactam
1073 1001 1152 1062 esse,
1169 1002 1239 1054 eer-

118 1073 244 1137 tissime
257 1072 419 1137 evincunt.
444 1069 477 1137 3.
495 1073 628 1138 Factum
651 1072 796 1138 omnium
817 1073 1017 1157 populorum,
1041 1090 1174 1154 quorum
1189 1076 1239 1141 vel

117 1161 216 1236 ratio,
237 1161 284 1226 vel
299 1159 491 1244 philosophi,
514 1162 561 1226 vel
577 1162 810 1244 legiunlateres
828 1179 929 1245 neque
943 1161 1118 1228 absolutum
1134 1181 1239 1230 mora-

118 1250 200 1314 lium
212 1249 384 1314 officiorum
395 1249 548 1324 codicem,
560 1267 660 1334 neque
672 1251 803 1332 dignum
814 1251 881 1315 Deo
893 1250 1014 1318 cultum
1024 1251 1236 1333 protulerunt3

119 1344 154 1404 et
169 1341 197 1404 si
213 1338 430 1421 protulissent,
448 1339 646 1406 sanctionem
657 1339 819 1422 qua-illum
832 1340 940 1404 liberis
952 1339 1109 1405 mentibus
1120 1341 1241 1408 indice-

120 1432 206 1502 rent,
226 1435 288 1490 non
303 1427 496 1493 habuissent.
513 1424 549 1493 la.
565 1428 705 1496 Naturae
721 1428 972 1511 impossibilitas,
990 1433 1026 1493 ut
1040 1446 1081 1493 ex
1096 1446 1140 1505 se,
1157 1448 1240 1511 quaa

120 1533 218 1597 supra
232 1533 265 1579 se
280 1516 384 1596 posita
398 1522 484 1592 sunt,
501 1516 542 1582 ad
552 1535 632 1600 quae
644 1523 750 1597 tamen
762 1536 802 1584 ex
812 1517 872 1586 llei
883 1517 1030 1600 largitate
1039 1517 1168 1584 condita
1180 1518 1242 1585 lauit
1365 1591 1370 1603 ,
1449 1592 1455 1605 ,

120 1605 417 1688 quomodocumque
431 1607 568 1685 attingat
586 1604 627 1690 1).
1276 1664 1281 1676 .
1306 1587 1489 1678 ¹),V¹‘¹·¹¹¹¹¹¹¹¹

213 1694 273 1758 Xl.
290 1695 435 1759 immissa
449 1713 468 1758 c
482 1695 570 1760 caclo
586 1694 712 1778 religio,
730 1712 771 1760 ne
786 1695 891 1762 exciso
907 1694 996 1777 apice
1016 1697 1086 1761 erat
1100 1694 1244 1762 retinen·
1263 1663 1362 1797 w
1373 1667 1490 1801 Ῑξτξῗι

123 1784 177 1848 da.
196 1782 232 1848 Si
247 1783 334 1846 enim
346 1783 480 1848 rationis
492 1784 644 1864 patuisset
657 1784 804 1867 imperio,
817 1784 888 1867 quis
903 1783 985 1850 ioret
1000 1782 1194 1850 reformandi
1205 1786 1244 1850 fl·
1264 1759 1422 1891 fflfjfflf
1437 1784 1443 1798 '
1481 1783 1488 1814 ’

122 1871 189 1936 nisl
200 1875 252 1936 An
264 1871 298 1934 iu
309 1872 468 1936 servandis
477 1872 603 1950 officiis,
616 1872 909 1956 velcorrumpendis
920 1872 980 1937 Dei
988 1889 1174 1954 morumque
1186 1893 1245 1938 no·

122 1960 278 2035 tionibus,
288 1978 350 2024 non
362 1966 411 2026 sat
424 1961 587 2028 infirmam
599 1963 646 2028 vel
657 1962 897 2036 audacissimam
908 1979 941 2026 se
952 1961 1035 2027 ratio
1046 1962 1244 2044 prodiderat?

121 2050 268 2116 Socrates
282 2049 413 2114 ridenda
429 2051 588 2134 propulset
610 2052 761 2126 Numina,
780 2057 812 2118 et
828 2051 968 2116 moriens
984 2049 1102 2132 gallum
1116 2049 1245 2118 Escula·

123 2139 180 2220 pio
195 2137 397 2204 mactandum
411 2138 511 2204 iubet.
529 2138 618 2205 Adeo
632 2142 783 2206 obscaena
799 2143 1017 2208 Romanorum
1032 2156 1132 2230 mera,
1148 2144 1186 2205 ut
1200 2139 1245 2208 0·

122 2228 227 2292 uidius
242 2227 312 2308 ipse
327 2232 444 2293 matres
460 2233 591 2294 moneat
607 2247 646 2294 ne
661 2227 743 2294 filias
758 2228 797 2293 ad
809 2229 962 2314 comedam
974 2229 1092 2312 templa
1104 2228 1152 2295 vel
1164 2228 1244 2296 resto

122 2317 344 2399 perducerent.
362 2317 471 2398 Nuper
485 2317 587 2383 adhuc
602 2317 780 2400 philosophi
796 2323 847 2384 tot
861 2317 1035 2401 pugnantia
1056 2321 1090 2386 st
1110 2317 1243 2386 absurda

121 2406 334 2489 protulerant,
346 2409 384 2470 ut
398 2405 496 2486 ipsius
512 2405 703 2474 Genesansis
717 2407 875 2490 sophistae
890 2407 987 2474 bilem
998 2407 1241 2475 commoverint.

123 2515 142 2554 a
160 2493 373 2560 audacissimi
388 2498 474 2568 sunt,
492 2493 610 2576 inquit,
628 2501 661 2561 et
676 2495 896 2579 philosophiae
911 2500 1090 2578 praetextu,
1107 2495 1170 2562 sibi
1184 2495 1245 2560 ho-

123 2584 251 2648 minum
273 2588 396 2648 mentes
418 2588 452 2648 et
472 2584 555 2662 colla
573 2584 755 2651 subiiciunt.
772 2585 891 2654 Omnia
913 2589 1103 2660 evertentes,
1120 2588 1244 2666 postre-

122 2691 213 2736 mum
229 2671 418 2738 miserorum
432 2673 573 2738 solamen
585 2691 607 2740 e
621 2674 768 2740 cordibus
786 2674 986 2752 exsciuduut,
1005 2673 1186 2757 potentibus
1208 2691 1246 2742 ac

121 2761 274 2826 divitibus
289 2761 496 2843 cupiditatum
519 2763 628 2828 fraena
652 2767 836 2838 conterunt,
853 2764 1025 2830 crirninum
1040 2781 1197 2830 remorsus
1212 2767 1246 2830 et

123 2851 280 2916 virtutum
303 2851 416 2931 gaudia
431 2851 634 2933 extinguunt.
657 2853 700 2920 Et
714 2871 748 2918 se
766 2853 886 2919 iactant
909 2853 1066 2920 beneficos
1088 2858 1121 2920 et
1144 2851 1246 2934 magi·

123 2935 222 3004 strost
238 2935 269 3023 2)
283 2960 301 3002 o
314 2939 382 3006 Vae
393 2940 623 3006 immortalibus
635 2941 762 3018 animis,
773 2942 800 3006 si
815 2941 901 3008 hisce
911 2942 1094 3008 doctoribus
1101 2942 1185 3008 Deus
1196 2941 1247 3006 in·
1305 2945 1493 3021 ttlloussesu,

122 3029 302 3093 stituendos
314 3026 506 3095 tradidisset!
521 3029 582 3096 Sed
595 3030 708 3094 Deus«
723 3030 961 3100 uonbominam
972 3030 1108 3110 homini,
1122 3029 1177 3095 sed
1187 3029 1247 3095 ho-
1266 3022 1492 3091 nmrosomm.

122 3117 246 3182 minem
262 3117 371 3198 pecori
386 3118 485 3184 voluit
498 3119 658 3184 dominari
672 3117 716 3203 3).
735 3141 754 3184 s
938 3163 939 3171 .
1110 3181 1111 3184 ,
1307 3127 1334 3201 at
1357 3130 1386 3186 s.
1408 3131 1493 3204 hug,

214 3205 292 3270 Xll.
310 3207 393 3272 Deus
408 3206 508 3288 igitur
522 3207 789 3274 conscientiarum
801 3213 907 3276 rector
918 3213 951 3276 et
965 3211 1197 3284 remunerator,
1211 3211 1247 3278 ut
1267 3207 1312 3260 De
1337 3205 1397 3262 eto.
1420 3208 1493 3272 Det,

123 3295 324 3363 immortales
340 3296 461 3362 animas
479 3297 519 3361 ab
540 3295 708 3364 hominum
721 3298 940 3366 dominatione
953 3297 1147 3374 extraheret,
1165 3297 1247 3380 ipse·
1268 3278 1340 3354 ms
1358 3283 1401 3338 15.

122 3388 192 3448 met
208 3401 242 3448 se
256 3402 372 3469 suaque
387 3385 471 3450 iussa
486 3386 637 3452 revelavit
658 3387 699 3452 ab
715 3386 824 3462 initio.
848 3387 962 3452 deinde
976 3386 1185 3454 multifariam
1201 3386 1247 3453 lo-

123 3491 224 3554 quens
236 3473 379 3554 patribus
392 3474 427 3539 in
440 3474 618 3556 prophetis,
634 3475 802 3542 novissime
813 3481 919 3542 autem
930 3477 964 3542 in
973 3476 1164 3560 Filio,quem
1174 3493 1249 3542 con·

122 3562 234 3627 stituit
248 3561 396 3628 heredem
412 3564 645 3640 universorum,
663 3582 720 3648 per
734 3583 828 3648 quem
848 3564 925 3632 iecit
940 3568 973 3631 et
988 3565 1112 3632 saecula
1127 3561 1171 3648 d).
1188 3563 1249 3634 llic
1301 3570 1329 3646 tt
1344 3571 1456 3647 Hebri,
1469 3574 1493 3629 l.

123 3655 194 3716 erat
201 3651 380 3734 expectatio
390 3651 536 3734 gentium
547 3649 601 3738 (o).
613 3651 729 3722 Curam
740 3655 807 3738 ipse
815 3672 926 3737 perans
936 3654 1078 3724 omnium
1087 3671 1165 3737 quos
1173 3671 1250 3720 oon-

206 3809 247 3886 lot
262 3813 383 3886 llagistri
397 3813 537 3873 cuiusdam
548 3815 650 3875 eoaelo
664 3815 775 3876 demissi
789 3819 982 3878 necessitatem
993 3823 1021 3876 el
1032 3816 1250 3888 expectationem

127 3887 239 3960 attingit
252 3889 326 3945 Plato
340 3890 368 3946 in
384 3889 492 3964 bialogo
505 3891 626 3948 Socratis
640 3909 702 3950 cum
716 3887 861 3950 hleihiade‘.

207 3985 219 4014 s
244 3965 389 4034 Socnsrss.
404 3967 566 4024 Necessario
587 3968 669 4042 igitur
682 3967 881 4041 expectandum
896 3967 984 4026 donec
997 3967 1056 4041 quis
1070 3967 1180 4036 doceat,
1194 3983 1249 4040 quo

128 4039 221 4096 animo
235 4044 265 4096 et
277 4055 343 4112 erga
354 4043 423 4098 bees
436 4048 464 4099 et
475 4057 543 4115 arga
557 4043 677 4100 homines
689 4059 752 4102 esse
765 4050 899 4116 oporteat.

205 4137 220 4170 s.
232 4118 406 4172 ateramum.
430 4119 543 4186 Quando
556 4135 620 4176 vero
634 4126 743 4191 tempus
757 4119 823 4190 illud
837 4121 900 4190 erit,
914 4115 1068 4178 Socrstm?
1087 4121 1116 4176 e't
1135 4119 1196 4192 quis
1217 4117 1251 4176 il·

125 4188 171 4274 lud
185 4190 322 4248 docturus
337 4190 401 4250 est?
422 4193 622 4254 Libentissime
641 4195 714 4256 euim
733 4196 853 4258 viderem
866 4196 940 4258 huno
959 4196 1106 4268 bominem,
1125 4193 1250 4268 quisnam

126 4281 183 4336 lpse
197 4267 244 4324 sit.
1152 4282 1154 4285 ’

206 4363 217 4392 s
240 4343 386 4399 Socrsrns.
402 4343 451 4402 ilio
468 4343 512 4404 ille
527 4353 570 4404 est
582 4346 710 4404 nimirum
723 4346 769 4422 qui
783 4347 817 4406 de
831 4353 858 4404 te
874 4362 971 4406 curam
984 4346 1091 4418 geris...

204 4437 217 4468 o
241 4417 415 4484 Arcssrrnss.
432 4421 545 4480 Auferat
559 4422 614 4479 siva
625 4415 781 4496 caliginem,
796 4423 850 4480 sive
864 4422 929 4497 quid
943 4421 1017 4480 aliud
1030 4419 1157 4478 voluerit:
1169 4419 1207 4477 ita
1220 4433 1250 4476 a·

127 4493 181 4548 nim
203 4507 249 4550 me
269 4496 436 4568 comparavi,
451 4502 482 4555 nt
496 4495 560 4554 nihil
580 4509 761 4572 eorumquae
780 4497 825 4556 ille
844 4495 1026 4570 imperaverit,
1042 4493 1248 4569 subterfugiam,

127 4570 293 4644 quicumque
309 4570 420 4630 tandem
433 4571 513 4632 luerit
527 4574 565 4632 rir
579 4573 636 4650 ille,
648 4572 796 4640 dummodo
811 4575 906 4632 melior
919 4575 969 4631 sim
984 4587 1125 4630 erasurus.
1141 4591 1153 4622 s
