3228 5280
563 301 761 355 rrrunusrr.
1110 285 1179 360 273.

91 452 183 522 diesi
198 455 232 519 et
248 465 370 534 graves.
388 448 438 517 Er
452 466 515 532 quo
529 449 567 518 tlt
581 455 618 518 ut
629 450 729 522 etiam
743 448 827 518 servi
841 465 876 516 se
891 449 1161 558 liberius'ga'rqntz
1183 469 1223 518 u-

93 541 321 612 xeres-‚eodem
335 537 407 605 iure
421 537 557 622 sintque
570 539 642 606 viri.
656 527 694 607 in
709 543 799 608 tanta
811 539 959 626 libertate
970 557 1063 606 cauea
1075 546 1174 607 elram
1186 543 1220 608 ct

6 697 7 704 ,
94 627 442 716 equi,asellidcnique
455 627 763 712 liberistntsieque
777 628 1221 704 incurrantutlisdcviadc·

6 755 7 796 l
95 715 594 807 cedendumslt..allaec.1¹lato;
611 719 696 786 unde
710 717 884 807 colligitur:
903 737 921 778 a
939 718 1026 800 Ergo
1041 717 1081 784 err
1095 719 1156 784 bac
1170 721 1221 785 iu·

99 810 198 876 linita
214 806 343 876 licentia
354 809 432 874 baec
444 807 722 890 summacogitur,
740 812 776 873 ut
791 807 836 874 ita
853 806 1035 874 fastidiosae
1052 807 1224 891 mollesque

6 945 8 972 ,
100 903 230 964 ruentes
245 893 379 964 eradant
391 896 523 972 civium,
541 901 577 962 ut
589 896 617 961 si
630 897 764 962 minima
782 897 828 962 eis
843 895 1029 961 adhibeatur
1041 897 1224 978 imperii,i-.

6 1031 7 1064 ,
97 984 1222 1070 ructanturetperterrenoqueuntzex‘quolegesquoqueincipiuntnq

6 1115 8 1142 ;
97 1078 236 1160 gligcrc,
256 1073 891 1162 utplanesinnullodominosint1).u
1100 1077 1102 1082 '
1162 1119 1189 1132 ..

6 1205 8 1246 ἰ
129 1215 136 1230 ,
193 1165 238 1229 ll.
257 1166 369 1230 Restat
384 1169 420 1230 ut
434 1163 607 1230 immodica
619 1163 798 1228 libertasad
811 1163 997 1230 ser'vitutem
1009 1163 1222 1246 populnmra·

101 1255 188 1337 piat,
206 1249 470 1334 quemadmodum
485 1252 650 1333 potentiae
666 1251 777 1318 abusus
794 1253 842 1318 rel
859 1265 1006 1327 crrcrrssus¹
1019 1253 1162 1320 infirmat
1172 1252 1228 1326 vel¹

6 1385 7 1426 q
101 1341 223 1408 evertit
239 1342 322 1424 regia
338 1341 564 1424 principatum:
580 1341 706 1416 «Nam,
723 1341 926 1426 prosequitur
940 1340 1047 1425 Scipio
1062 1359 1103 1406 ex
1118 1342 1222 1408 Plato·

103 1449 159 1506 ne,
178 1436 213 1496 ut
228 1430 378 1496 exnlmio
390 1428 535 1513 potentia
548 1429 740 1512 principum,
754 1429 1016 1496 orinnimeritus
1026 1429 1219 1513 principum,

6 1565 8 1608 ,
104 1521 154 1585 sic
169 1520 253 1584 buno
269 1519 365 1583 nimis
380 1519 513 1586 liberum
528 1518 680 1600 populum
700 1517 912 1602 libertasipsa
928 1519 1082 1584 seruitute
1097 1519 1217 1585 adiicit.

103 1609 158 1677 Sic
174 1609 281 1673 omnia
295 1609 406 1683 nimia,
418 1607 547 1673 cumvel
560 1607 594 1670 iu
609 1609 809 1691 tempestate,
822 1609 869 1672 rel
883 1607 917 1671 iu
931 1607 1028 1689 agris,
1043 1607 1090 1672 vel
1102 1607 1137 1673 in
1151 1625 1223 1672 cor-

104 1699 239 1781 poribus
256 1697 387 1762 laetiora
397 1698 545 1770 luerunt,
562 1694 596 1760 in
610 1697 773 1762 contraria
785 1697 856 1762 iere
867 1696 1224 1770 convertuntunmaxi·

103 1786 378 1871 rncquein-rebus
393 1785 530 1867 publlcis
544 1785 664 1850 evenit:
680 1785 846 1868 nimiaque
861 1785 917 1849 illa
935 1785 1065 1850 libertas
1076 1790 1109 1849 et
1121 1803 1222 1868 popu·

6 1927 7 1968 ζ
102 1877 143 1941 lis
158 1879 193 1940 et
208 1875 340 1958 priuatis
356 1876 389 1939 in
406 1873 540 1938 nimiam
554 1873 739 1941 servitutem
754 1875 851 1940 cadit.
869 1876 979 1955 ltaque
994 1893 1034 1938 ex
1049 1873 1222 1939 bacmaxi·

101 1983 155 2030 ma
172 1965 319 2048 libertate
332 1969 482 2047 tyrannus
497 1962 652 2045 gignitur,
662 1969 694 2029 et
710 1965 764 2028 illa
778 1963 989 2029 iniustissima
1004 1970 1039 2027 ct
1053 1963 1220 2029 durissima

101 2053 333 2118 serviensem
350 2057 457 2118 aute‘m
471 2051 775 2136 quomodopopulus
787 2048 956 2135 tyrannum
969 2052 1031 2116 sibi
1046 2053 1223 2133 constituat

6 2195 8 2228 ,
102 2146 137 2209 et
152 2141 354 2206 servitutem:
374 2161 391 2200 a
409 2142 458 2211 Ex
473 2140 534 2206 boc
550 2142 637 2216 enim
649 2142 764 2224 populo
782 2141 954 2216 indomito,
973 2141 1020 2206 rel
1035 2141 1141 2224 potius
1160 2142 1223 2206 im-

6 2231 7 2314 }
103 2231 206 2305 mani,
220 2230 369 2311 deligitur
384 2230 499 2311 aliquis
513 2229 698 2312 plerumque
714 2232 776 2310 dux
788 2236 898 2296 contra
911 2231 981 2295 illos
993 2230 1155 2312 principes
1167 2231 1221 2302 adr

6 2323 8 2418 ,
105 2320 208 2384 llictos
224 2320 333 2384 iamet
350 2318 495 2400 depulsos
512 2318 593 2392 loco,
608 2318 1077 2402 auda-r,impurus„eonsectans
1094 2324 1220 2401 proter·

6 2467 8 2482 ,
105 2426 143 2472 va
158 2409 238 2472 bane
250 2425 342 2490 saepe
356 2407 396 2472 de
411 2427 446 2472 re
461 2408 591 2489 publica
603 2410 750 2484 meritos,
768 2407 883 2490 populo
898 2408 1130 2490 gratificans'et
1145 2407 1221 2472 alie-

6 2491 8 2504 '
107 2514 147 2560 na
163 2501 197 2562 et
212 2515 279 2562 sua:
296 2495 348 2562 oui
361 2496 435 2578 quia
451 2497 580 2579 privato
591 2501 667 2561 sunt
682 2495 820 2580 oppositi
833 2497 979 2571 timores,
993 2496 1220 2579 danturimpc-

105 2585 154 2649 ria
170 2591 204 2651 et
218 2603 255 2649 aa
270 2585 510 2666 continuantur,
520 2584 685 2668 praesidiis
697 2587 808 2659 etiarn,
817 2590 855 2670 ut
870 2586 1007 2652 Athenis
1020 2585 1218 2661 Pisistratus,

106 2673 302 2756 saepiuntur:
315 2679 484 2756 postremo
499 2691 517 2738 a
530 2674 795 2757 quibusproducti
807 2674 1164 2750 snot,existuuteorum
1174 2675 1225 2755 ip·

106 2781 215 2846 sonim
231 2763 373 2847 tyranni.
398 2785 415 2826 »
431 2763 515 2829 llinc
532 2779 631 2828 novae
645 2764 875 2834 commotiones
891 2765 1092 2846 populorum,
1109 2780 1225 2845 regno·

106 2851 493 2936 rumqueconversiones:
512 2851 594 2920 «Sic
610 2856 759 2936 tauquam
776 2853 874 2935 pilam
889 2852 1016 2934 rapiunt
1032 2847 1117 2918 inter'
1131 2870 1165 2917 sa
1176 2851 1224 2916 rei

107 2939 251 3023 publicae
265 2944 397 3020 statum,
414 2940 545 3024 tyranni
560 2942 600 3005 ab
615 2941 754 3022 regibus;
772 2941 812 3006 ab
829 2941 869 3004 iis
881 2946 987 3005 autem
995 2941 1155 3023 principes
1169 2944 1225 3006 aut

106 3029 228 3111 populis
247 3047 265 3093 a
281 3029 392 3110 quibus
408 3035 464 3094 aut
477 3028 633 3098 rectiones
648 3030 856 3114 auttyranni:
869 3047 934 3094 nec
949 3028 1221 3114 diutiusunquam

6 3179 8 3210 Ι
110 3123 239 3184 tenetur·
254 3118 338 3181 idem
353 3117 557 3202 reipublicae
574 3119 685 3183 modus
702 3117 785 3204 2).»
1028 3139 1031 3145 ’
1264 3111 1291 3187 il
1307 3112 1356 3187 lbi,
1372 3112 1418 3169 Η·

6 3211 7 3276 ἶ
198 3207 261 3271 xl:
277 3205 452 3296 Quaenam
466 3225 506 3271 ex
521 3208 655 3273 Platone
671 3205 702 3286 3)
719 3208 914 3276 recitavisset
929 3207 1052 3272 Tullius
1064 3205 1224 3292 Scipionis
1265 3224 1291 3298 an
1307 3225 1382 3282 Plato
1395 3249 1410 3294 ,ι
1438 3223 1474 3282 de

6 3293 8 3384 ζ
113 3296 254 3370 nomine,
268 3303 333 3378 'pro
348 3313 402 3361 sua
417 3295 578 3362 concludit
592 3297 764 3361 sententia:
776 3295 895 3377 «Quod
911 3297 1040 3363 itacum
1056 3296 1110 3371 sit,
1121 3295 1225 3376 tribus
1246 3304 1329 3376 lien,
1345 3302 1414 3358 vlll.

6 3465 7 3468 Ἴ
111 3383 222 3465 primis
236 3385 404 3466 generibus
412 3385 508 3467 longe
519 3389 658 3468 praestat
670 3401 739 3450 mea
748 3385 904 3450 sententia
914 3385 1050 3465 regium.
1067 3408 1084 3447 u
1101 3385 1226 3454 Annuit
1381 3397 1387 3404 ·

111 3473 202 3538 Plato
218 3474 252 3537 in
268 3473 419 3548 Politico,
436 3477 469 3540 et
484 3473 717 3550 Plutarchusin
732 3475 820 3540 brevi
836 3474 955 3556 scripto
967 3473 1006 3538 de
1022 3473 1114 3538 unius
1125 3473 1159 3537 in
1175 3491 1227 3538 re-

110 3563 233 3644 publica
244 3561 475 3638 dominatione;
492 3565 531 3628 ali
541 3564 681 3649 Isocrate
693 3581 831 3645 quoque,
842 3563 876 3626 in
888 3563 1031 3640 Nicocle,
1041 3561 1227 3626 monarchia

111 3650 224 3717 ceteris
245 3650 396 3732 politicae
416 3651 583 3733 generibus
597 3651 739 3716 studiose
754 3651 946 3733 praelcrtnr:
970 3652 1008 3716 de
1025 3649 1227 3715 monarchiae

110 3735 302 3822 praestantia
312 3744 398 3806 totus
413 3743 461 3805 est
471 3738 598 3824 Stobaei
606 3757 711 3806 sermo
718 3740 820 3806 XLV.
831 3759 847 3799 α
858 3738 931 3815 Sed,
943 3731 1171 3824 idquitltlaius,
1189 3739 1229 3802 de

113 3833 178 3892 tam
194 3828 312 3892 celebri
332 3847 367 3918 re
382 3827 545 3894 cumulare
560 3829 754 3914 scriptorum
770 3828 966 3908 testimonia,
987 3826 1145 3894 abutentis
1160 3827 1229 3894 otio

113 3923 172 3984 est.
193 3939 210 3980 u
225 3916 332 3998 ¹Quum
346 3922 453 3983 tamen
474 3919 507 3983 et
522 3919 645 3986 Rornae
660 3919 813 3984 scriberet
828 3916 951 3994 Cicero,
971 3935 1072 4000 neque
1087 3918 1230 3998 exlegem
1257 3961 1260 3966 ⁵

113 4005 260 4088 diligeret
275 4007 503 4090 principatum,
520 4008 695 4090 subiungitz
714 4028 732 4069 n
750 4007 850 4088 Regio
865 4012 972 4072 autem
985 4006 1045 4092 ipsi
1057 4005 1231 4089 praestabit

115 4094 146 4158 id
162 4095 244 4177 quod
260 4095 507 4179 critoaquotum
525 4105 553 4163 et
568 4105 773 4178 temperatum
788 4097 886 4162 tribus
902 4097 1026 4176 optimis
1047 4113 1157 4160 rerum
1168 4111 1231 4174 pc·

114 4183 266 4248 blacorum
289 4185 401 4250 modis.
428 4185 537 4252 Placet
552 4186 639 4250 enlm
661 4204 728 4251 esse
743 4186 892 4268 quiddam
909 4184 942 4247 in
967 4183 1125 4270 republica
1135 4199 1232 4266 prae-

114 4278 198 4338 stans
214 4277 247 4338 et
262 4275 381 4354 regale
401 4291 468 4340 esse
480 4274 565 4338 aliud
577 4275 767 4342 auctoritate
783 4274 965 4358 principum
972 4273 1103 4356 'partum
1120 4288 1156 4336 ac
1167 4269 1232 4346 „lri-

115 4362 237 4436 butum;
256 4379 323 4430 esse
340 4362 490 4446 quasdam
501 4381 553 4451 res
567 4367 705 4429 serratas
722 4363 840 4428 iudicio
857 4363 1071 4448 voluntatique
1087 4359 1233 4424 multitu-

114 4450 234 4514 dinis.»
252 4448 354 4530 Quam
362 4454 457 4534 louge
466 4452 570 4518 absint
580 4453 850 4534 baccaregimine
860 4452 1232 4533 repraesentatiroprout

116 4557 196 4604 nunc
209 4539 447 4622 circumfertur,
462 4541 638 4610 videbimus
655 4541 750 4607 inira.
768 4563 784 4600 a
795 4543 879 4607 llaec
895 4538 1094 4691 οιέιξιίῑυῑίω
1113 4536 1228 4613 subdit,
