3224 5282
150 2761 352 2831 UOEQMR·

125 2837 274 2906 mmsd

418 273 482 344 13⁰
856 289 1001 340 nrnnuu.

371 445 423 518 da,
433 433 1407 522 amorisvicissitudineucsuuvitatccopulorentur.siquidem,
1417 439 1493 506 dum

372 533 488 598 divites
502 549 558 595 sua
573 530 637 611 ipsi
652 545 747 612 opera
762 528 798 592 in
812 544 988 610 pauperum
1011 525 1154 608 inopium
1162 527 1349 610 inquirunt,
1368 529 1494 613 saepius

373 639 409 686 ea
424 624 609 701 tanguntur,
625 623 658 684 ct
668 617 850 684 dulcissima
864 615 1094 682 beneficentiae
1105 617 1218 697 gaudia
1230 618 1365 698 experti,
1376 618 1410 682 in
1423 635 1495 682 eam

373 710 507 776 alacrius
523 709 721 783 incumbunt,
738 723 872 790 eamque
892 705 1008 781 verbis,
1025 721 1093 779 ore,
1112 707 1263 788 omnique
1285 706 1496 772 humanitatis

372 797 616 880 significatione,
634 795 810 861 suaviorem
828 793 968 860 efficiunt
983 799 1078 876 atquc
1089 795 1310 860 efficaciorem.
1325 795 1416 874 Quae
1427 814 1496 860 om-

374 889 428 953 nia
443 886 660 968 personalisoc
673 884 789 950 liberae
800 884 1029 948 beneficentiae
1039 883 1265 959 emolumenta,
1277 881 1410 965 legaliet
1422 903 1497 950 coa-

373 981 425 1043 cta
440 974 597 1040 charitate
612 974 816 1040 emittuntur.
827 973 949 1038 Divites
961 990 1123 1055 nunquom
1138 990 1313 1056 pauperum
1327 989 1497 1038 aerumnas

373 1065 473 1131 oculis
488 1063 538 1128 vel
553 1063 698 1128 manibus
720 1066 919 1147 usurpantes,
938 1062 991 1127 vix
1004 1063 1109 1128 sciunt
1133 1062 1266 1127 miseros
1281 1079 1360 1138 esse,
1380 1063 1496 1146 vixque

372 1154 488 1221 fratres
500 1152 708 1228 arbitrantur;
722 1155 755 1217 ct
766 1157 839 1217 taxa
850 1151 1019 1234 persoluta,
1031 1150 1139 1215 omnia
1151 1169 1184 1216 se
1195 1151 1436 1216 misericordiae
1447 1153 1497 1217 ol·

373 1244 447 1322 licia
466 1241 651 1326 persolvisse
666 1241 895 1314 existimantes,
911 1240 1030 1306 scrinia
1047 1245 1079 1306 et
1094 1241 1213 1306 viscera
1232 1241 1395 1306 claudent.
1416 1241 1498 1306 Pau-

373 1349 466 1416 peres
480 1349 567 1406 vero,
586 1329 635 1396 ius
651 1348 714 1395 non
738 1330 919 1412 largitatem
939 1329 973 1393 in
992 1333 1064 1396 toxa
1080 1329 1199 1412 legibus
1213 1331 1409 1412 praescripta
1424 1347 1498 1394 cen·

372 1426 490 1496 sentes,
509 1438 669 1504 nunquam
684 1420 808 1493 sistent;
827 1419 865 1482 dc
877 1419 984 1484 labore
996 1419 1176 1494 remittent,
1191 1423 1344 1504 quantum
1360 1418 1428 1482 illis
1439 1437 1497 1501 per

374 1508 764 1584 taxamndscribitur;sanl
773 1508 937 1582 devorant,
947 1525 1027 1592 quae
1036 1508 1172 1572 infirmis
1181 1508 1358 1572 neccssaria
1371 1508 1494 1584 lorent;

373 1599 500 1664 demmn
509 1598 543 1662 in
555 1597 680 1672 divites,
691 1615 826 1680 quorum
839 1614 1001 1680 nunquam
1014 1596 1061 1662 vel
1073 1614 1146 1660 roro
1152 1597 1307 1662 beneficas
1319 1614 1434 1661 manus
1443 1615 1497 1662 eu·

372 1689 552 1771 periuntur,
570 1685 651 1752 etin
667 1687 769 1768 legem
784 1702 864 1768 quoe
877 1686 916 1749 ad
927 1686 1036 1750 omnia
1047 1703 1159 1751 eorum
1175 1686 1331 1750 desideria
1346 1703 1413 1750 non
1425 1703 1498 1768 per·

374 1777 485 1858 tingit,
503 1780 740 1858 exasperantur.
754 1775 837 1842 Hinc
847 1775 1092 1856 proletariorum
1107 1779 1140 1840 et
1154 1775 1375 1855 operariorum
1386 1775 1498 1838 coniu-

374 1866 526 1939 rationes,
535 1882 612 1947 quos
620 1864 785 1945 ingeniose
797 1865 951 1938 excitant,
962 1863 1064 1946 iisque
1072 1865 1186 1945 cupide
1195 1867 1339 1938 utuntur,
1347 1863 1498 1946 frequen·

374 1958 422 2018 tes
437 1953 502 2018 iam
517 1951 692 2018 ardeliones
708 1957 740 2018 et
755 1954 918 2018 societatis
933 1970 1101 2018 eversores.
1115 1954 1202 2026 ¹Hinc
1217 1953 1453 2017 socialistarum
1465 1956 1498 2018 et

371 2041 656 2108 communistarum
671 2047 854 2126 systemata,
870 2044 996 2124 quaein
1012 2047 1085 2107 taxa
1098 2042 1399 2125 legalijadimntm,
1411 2058 1498 2106 eam-

374 2150 436 2212 que
458 2148 517 2213 pro
532 2132 822 2235 opportunitatibus
845 2133 1001 2213 augendo,
1018 2133 1215 2213 propositum
1230 2132 1291 2195 sibi
1307 2131 1405 2195 linem
1421 2149 1499 2194 con-

374 2221 548 2301 tingerent3
567 2219 628 2282 nisi
644 2220 1499 2302 communissensuslibertatisetindividuaeproprie-

375 2310 464 2385 tatis,
482 2308 697 2372 foedissimum
713 2311 944 2400 utrorumque'
934 2311 1104 2392 imperium
1119 2310 1320 2390 repellerent.

463 2399 507 2462 X.
516 2395 908 2479 Sicigiturdefiniendurn:
918 2387 1495 2478 Principesiustiliamadministrent,

374 2485 618 2552 beneficentram
627 2486 768 2562 foveant
778 2489 832 2552 sed
845 2505 914 2551 earn
926 2489 1057 2569 prrvabs
1066 2506 1129 2552 non
1141 2488 1292 2569 eripiant
1303 2486 1419 2567 anbus
1431 2486 1499 2550 col

375 2575 440 2639 lata
456 2579 533 2640 esta
549 2581 674 2642 netura.
692 2570 775 2643 N‘am
791 2591 809 2641 a
824 2577 944 2642 civibus
970 2577 1112 2642 adhibita
1127 2577 1326 2642 benevolent
1317 2591 1348 2638 ra
1371 2575 1499 2639 animos

372 2663 534 2737 conciliat,
543 2662 716 2739 aitCicero,
728 2671 761 2731 et
772 2666 856 2748 quod
868 2665 1067 2746 aptissimum
1080 2671 1129 2730 est
1142 2666 1181 2730 ad
1192 2667 1300 2749 quiete
1308 2663 1494 2740 vivendum,

371 2752 573 2826 charitatem
582 2758 662 2828 tum,
673 2754 863 2824 beneficium
871 2755 1025 2835 etgratia,
1038 2755 1161 2820 vincula
1169 2761 1242 2820 sunt
1250 2754 1443 2821 concordiae
1451 2751 1493 2836 1).

299 2917 300 2922 .
370 2842 506 2906 Animos
522 2842 666 2908 alliciant
677 2843 717 2906 ad
730 2845 883 2918 laborem,
895 2844 1085 2908 commercia
1097 2849 1131 2910 ct
1141 2845 1314 2910 industrias
1324 2843 1448 2915 iuvent,
1463 2859 1496 2905 u-

370 2945 502 3012 grorurn
519 2932 708 3012 praesertim
731 2935 900 3007 culturam,
919 2951 981 3014 qua
997 2939 1120 2998 mentes
1136 2938 1169 2999 et
1185 2950 1321 3016 corpora
1338 2931 1496 2995 roboran-

259 3097 262 3102 ,
370 3025 435 3097 tur,
449 3020 523 3085 dum
536 3020 569 3084 in
583 3020 800 3106 frequentibus
812 3038 998 3102 magnarum
1010 3022 1135 3086 urbium
1147 3023 1224 3088 otiis
1236 3023 1284 3087 vel
1292 3020 1431 3086 officinis
1446 3019 1496 3083 ni·

370 3109 472 3175 mium
486 3111 726 3176 contabescunt.
744 3112 831 3178 Nova
847 3128 972 3191 semper
986 3111 1132 3187 donaria,
1148 3129 1265 3191 ponem
1281 3119 1309 3175 et
1324 3110 1492 3183 circenses,

370 3198 503 3279 ignavae
518 3199 603 3280 plebi
618 3199 744 3264 romani
760 3200 966 3282 imperatores
982 3200 1228 3281 elargiebantur:
1247 3200 1329 3282 ipsa,
1347 3205 1385 3262 ut
1400 3214 1419 3261 a
1436 3215 1495 3260 no-

369 3287 417 3352 vis
432 3306 512 3352 nova
528 3292 785 3371 consequeretur,
797 3294 917 3354 veteres
929 3288 1150 3354 obtruncabat.
1161 3289 1276 3356 illelius
1288 3286 1336 3352 rei
1348 3285 1495 3367 publicae

368 3377 550 3441 consultum
565 3377 688 3454 luisset,
706 3378 915 3443 reluctantem
928 3377 1053 3457 plebem
1066 3379 1106 3442 ad
1118 3378 1281 3452 virtutem,
1297 3377 1452 3449 laborem,
1463 3379 1496 3439 et

368 3465 484 3546 ubique
500 3465 656 3531 iacentem
673 3483 823 3546 agrorum
839 3466 996 3532 culturam
1011 3467 1219 3533 instituendo.
1227 3467 1262 3533 Si
1275 3470 1494 3534 Romanorum

365 3555 459 3632 pani,
476 3571 539 3639 quo
555 3555 663 3619 miseri
676 3556 883 3636 imperatores
898 3557 1041 3638 plausum
1054 3562 1087 3622 et
1102 3561 1239 3622 mortem
1256 3553 1491 3626 mercabantur,

367 3645 475 3706 taxum
491 3660 664 3726 pauperum
676 3643 913 3721 assimilaveris,
933 3663 996 3709 non
1014 3645 1108 3728 longe
1124 3664 1142 3709 a
1159 3646 1292 3712 veritate
1306 3641 1422 3707 abibis:
1437 3640 1493 3705 ille

366 3729 456 3794 eninr
467 3733 571 3797 ctista
576 3734 830 3815 pauperismum
839 3739 871 3799 et
883 3735 1021 3817 publicas
1033 3736 1229 3799 adauxerunt
1238 3748 1418 3798 aerumnas
1429 3729 1494 3794 De·

366 3818 465 3884 lectus
480 3839 604 3925 quoque
619 3823 793 3887 habendus
811 3842 941 3905 quum«
958 3824 1133 3890 liberalitas
1149 3840 1217 3887 csse
1228 3820 1367 3886 debeat
1357 3838 1392 3883 rn
1408 3819 1493 3882 cala-

366 3907 510 3986 mitosos,
523 3911 584 3976 nisu
576 3911 682 3977 torte
697 3918 792 3979 erunt
803 3913 891 3994 digni
906 3913 1102 3987 calamitate3
1110 3912 1275 3976 benefacta
1288 3911 1386 3983 enim,
1396 3912 1434 3971 ut
1446 3906 1493 3970 ait

123 3989 269 4121 1le
244 3988 344 4066 Osse
365 3996 500 4074 Ennius,
520 4001 602 4064 male
619 4002 732 4075 locata,
747 4003 914 4068 malefacta
926 4001 1057 4084 sunt2)
1071 4001 1158 4068 »Sed
1170 4006 1245 4066 ante
1256 4015 1363 4065 omnre
1377 4013 1493 4061 caven·

365 4086 439 4150 dum
455 4094 503 4154 est
517 4089 651 4171 publicis
667 4091 932 4165 moderatoribus,
946 4096 982 4156 ut
968 4091 1073 4156 tboni
1089 4107 1196 4154 mores
1207 4094 1354 4156 serantur
1365 4085 1400 4150 in
1412 4085 1493 4152 civi·

365 4175 497 4242 tatibus.
517 4179 594 4244 vitia
610 4179 697 4243 enim
713 4197 731 4243 a
746 4183 838 4260 tergo
853 4180 998 4262 sequitur
1014 4183 1149 4260 egestas.

346 4269 352 4276 '
455 4267 516 4333 XI.
535 4268 641 4334 Unum
655 4268 855 4352 reliquimus
874 4269 958 4352 quod
974 4269 1147 4333 maximum
1164 4273 1226 4334 est.
1244 4265 1403 4331 catholica
1417 4261 1494 4326 reli·

366 4353 432 4434 gio
440 4353 519 4421 Cum
529 4374 578 4432 ce
586 4374 695 4421 omnra
704 4356 933 4424 beneficentiae
946 4375 1062 4440 genera
1072 4361 1143 4422 orta
1152 4361 1225 4422 sunt
1233 4355 1273 4420 ab
1281 4355 1390 4420 rnrtro
1400 4349 1494 4418 Chri-

366 4445 488 4510 stianae
509 4445 675 4511 charitatis
698 4446 868 4511 historiam
882 4447 1074 4530 scripserunt
1097 4445 1202 4510 multi:
1220 4461 1335 4511 novum
1359 4441 1453 4506 lere'
1443 4459 1493 4504 rus

366 4534 552 4618 gentium,
542 4553 592 4599 rus
614 4535 818 4621 pupillorum,
845 4536 1020 4611 viduarum,
1040 4535 1089 4602 vel
1113 4533 1407 4617 quomodocumque
1424 4531 1493 4594 lan-
