3228 5280
468 469 760 548 TITULUS
801 471 894 548 xiil.

337 661 381 711 uu
398 639 551 714 ouuruuu
567 664 750 716 ursmarus
767 643 800 716 in
818 593 892 718 runa
908 664 1029 716 caviac.

205 825 226 880 t
243 821 1237 899 Cubuetcoumgisreuaunnasomems.H.libenascouunennaepur

113 897 1236 978 nmmwmmmmmmmmwmmmmmmifflmmmmm

113 976 214 1030 scissa
227 972 319 1030 cultus
334 973 449 1029 unitate.
463 973 496 1030 V.
511 975 568 1031 lioc
582 982 728 1032 senserunt
738 983 836 1048 gentes
850 977 987 1050 autiquae.
998 975 1044 1032 ill.
1054 975 1153 1034 Nullibi
1163 986 1238 1038 extat

107 1049 233 1106 libertas
246 1049 382 1121 cultuum,
392 1046 562 1106 mendacium
577 1050 636 1121 ipsa
647 1054 675 1107 et
685 1049 770 1106 irans.
780 1050 839 1107 llll.
849 1050 903 1107 Cur
914 1056 1026 1107 veretur
1035 1049 1133 1124 ubique
1143 1054 1237 1112 calbo·

108 1125 246 1183 licismus
260 1125 285 1180 ia
300 1125 358 1194 ipsa
372 1122 497 1180 cultuum
518 1123 659 1182 libertate.
674 1125 747 1181 lllll.
763 1127 854 1182 Limes
867 1125 955 1184 dictae
975 1125 1107 1183 libertatis
1119 1127 1194 1185 solus
1206 1145 1238 1186 a·

111 1201 268 1258 theismus.
285 1199 334 1256 lx.
352 1198 446 1255 irritae
460 1199 645 1272 conditiones,
661 1205 691 1256 ut
705 1199 801 1256 cultus
822 1201 944 1258 existens
958 1203 1003 1274 sit,
1018 1207 1046 1257 et
1061 1202 1123 1260 nibil
1138 1211 1238 1274 peccet

113 1277 149 1334 in
167 1291 270 1332 mores.
286 1275 321 1331 ll.
335 1272 534 1344 Rabbiuismus,
547 1276 787 1346 protestantismus
797 1283 824 1332 et
836 1276 1036 1334 catholicismuo
1046 1275 1112 1334 lalso
1122 1280 1187 1336 iuris
1197 1279 1237 1337 al·

115 1349 1236 1425 fimmmmmmmwmmmmmmmwmmmmm

114 1434 228 1499 servet,
245 1441 298 1484 nou
312 1425 369 1496 ipae
384 1422 461 1480 illum
481 1426 614 1482 instituat.
630 1424 691 1481 llll.
709 1426 737 1481 ln
752 1427 839 1497 praxi,
859 1429 882 1482 l.
898 1426 1024 1483 salsorum
1045 1427 1168 1484 cultuum
1181 1446 1234 1486 uon

115 1501 295 1559 admittenda
308 1499 428 1568 libertas,
442 1497 492 1555 uisi
503 1499 537 1557 ad
550 1501 650 1556 maiora
660 1499 729 1556 rnala
744 1499 1026 1574 praecavendaqlllll.
1036 1505 1063 1556 2.
1073 1502 1157 1560 semel
1168 1521 1236 1561 cou-

114 1591 205 1634 cessa
220 1577 342 1649 libertas,
358 1576 465 1631 sincera
477 1582 559 1648 atque
574 1577 680 1648 integra
694 1583 831 1648 servetur3
843 1576 913 1633 xiv.
927 1579 954 1632 3.
969 1579 1021 1632 riae
1033 1585 1161 1648 parentur
1172 1596 1236 1636 varo

118 1650 1235 1724 cmmmmmmmmdsslmmwmwmummnmmmm

66 1782 75 1802 ,
117 1729 307 1785 necessitatis.

213 1896 241 1959 l.
260 1891 361 1972 Quam
378 1897 521 1958 tenemus
538 1892 621 1958 ritae
636 1891 740 1960 civilis
755 1893 1016 1960 consuetudinem
1030 1893 1091 1960 duo
1104 1896 1237 1978 praesti-

112 1988 241 2048 terant:
260 2000 348 2046 aerus
362 1980 423 2047 Dei
439 1983 552 2057 cultus,
570 1997 643 2046 vera
659 1986 692 2046 et
706 1987 813 2047 sancta
829 1981 985 2066 coniugia.
1000 1985 1083 2049 Dum
1095 1986 1234 2050 cultuum

109 2071 334 2155 pluralitatem
346 2076 385 2136 et
393 2069 584 2144 libertatem,
595 2070 816 2152 coniugiorum
828 2077 934 2137 autem
948 2071 1110 2138 licentiam
1127 2091 1236 2155 prose-

111 2160 263 2240 quimur,
274 2176 379 2223 nonne
391 2159 553 2242 religionis
565 2164 598 2224 et
610 2158 750 2224 familiae
762 2160 966 2241 laudamento
978 2162 1187 2238 concutimus,
1202 2180 1234 2227 a·

113 2248 282 2312 nimomm
299 2253 332 2313 et
347 2265 517 2329 corporum
528 2248 730 2313 sanctitatem
746 2249 924 2326 obiicimus,
938 2251 976 2314 ad
989 2250 1234 2334 polytlreismum

113 2341 152 2402 et
169 2343 310 2403 veterem
324 2354 452 2401 morum
468 2337 653 2403 foeditatem
669 2337 875 2402 revertimur?

210 2426 254 2492 ll.
272 2429 302 2490 A
316 2428 457 2491 cultuum
474 2426 633 2498 libertate,
650 2425 863 2491 conscientiae
879 2425 1009 2493 libertas
1029 2427 1172 2511 apprime
1187 2433 1234 2494 est

113 2515 324 2580 secernenda.
342 2515 419 2580 Fert
434 2514 562 2579 libertas
577 2512 798 2588 conscientiae,
817 2533 857 2578 ne
871 2514 934 2578 ulla
950 2518 1151 2580 conscientiis
1167 2519 1234 2583 vio·

112 2603 217 2668 lentia
234 2602 431 2680 adhibeatur,
450 2604 543 2667 rerba
559 2602 608 2667 vel
623 2602 705 2667 lacta
720 2602 936 2684 extorquendo
952 2621 1033 2686 quae
1049 2605 1150 2669 firmis
1163 2608 1232 2672 ani·

113 2693 165 2755 mi
180 2691 436 2775 persuasionibus
453 2694 667 2774 opponantur.
685 2690 743 2756 Est
756 2691 805 2754 ius
821 2696 951 2756 naturae
965 2692 1141 2758 rationalis:
1159 2712 1232 2761 nam

113 2797 193 2844 cum
208 2780 296 2844 nefas
311 2780 356 2845 sit
368 2779 492 2845 homini
507 2797 601 2862 agere
612 2779 646 2844 iu
660 2778 887 2844 conscientiam
903 2779 964 2844 ctsi
980 2781 1173 2847 vincibiliter
1183 2801 1232 2847 er·

114 2873 245 2932 rantem
263 2869 305 2949 1};
325 2870 371 2932 sic
386 2870 508 2933 nemini
520 2870 580 2943 ius,
598 2874 634 2933 nt
649 2869 682 2932 in
698 2869 830 2934 alterius
845 2869 1073 2936 conscientiam
1090 2872 1137 2935 vis
1151 2873 1233 2937 inle-
1276 2872 1299 2940 ll
1315 2874 1371 2930 tib.
1390 2877 1411 2940 i,
1435 2876 1477 2932 tit.

114 2963 222 3022 ratur.
234 2958 316 3022 liiuc
327 2957 442 3040 duplex
453 2958 516 3022 via:
527 2958 703 3041 tyrannidis
715 2974 789 3031 una,
803 2958 903 3024 altera
915 2957 1069 3024 libertatis
1081 2965 1113 3026 et
1125 2961 1232 3043 aequi-
1252 2947 1297 3022 Ν,
1311 2955 1328 3016 8
1343 2953 1409 3011 MV·

113 3047 207 3111 tatis.
225 3046 317 3110 lllaru
333 3046 572 3129 ingrediebatur
592 3046 828 3130 polytheismus,
852 3045 1040 3111 christianos
1062 3058 1177 3130 cogens
1192 3052 1231 3115 ad

112 3134 1228 3216 cultumidolomm3bancinivitEcclesia‚noureluctantibusanimis,
1254 3189 1257 3194 .

112 3225 171 3287 sed
188 3225 252 3288 iam
268 3225 388 3290 edoctis
400 3229 433 3288 et
450 3224 640 3300 volentibus,
657 3223 845 3306 religionem
861 3223 1013 3302 inserens
1028 3245 1109 3308 quae
1124 3235 1230 3294 autern

112 3311 185 3394 ipsa
202 3312 353 3393 puniebat
369 3314 403 3378 iu
419 3313 599 3388 haereticis,
617 3313 700 3378 lacta
723 3317 815 3377 erant
830 3312 965 3394 publica,
985 3317 1146 3382 societatis
1162 3317 1231 3382 iure

111 3400 1228 3486 coercendalucouscientiomigiturnullumesthominumimperium,

111 3491 169 3553 sed
186 3491 258 3565 Dei;
277 3492 344 3573 qui,
363 3492 438 3558 licet
448 3509 570 3556 summe
581 3497 706 3574 potens,
724 3489 867 3571 disponit
877 3507 949 3555 cnm
961 3494 1150 3569 reverentia,
1162 3514 1228 3560 uon

112 3577 1228 3660 trangithomiuumvoluntateszuTueutemdominatorvirtutis,cum

112 3668 342 3749 tranquillitate
358 3669 533 3745 iudicas,et
545 3686 617 3732 com
627 3667 1080 3751 moqnarcoarentiodisponis
1095 3672 1227 3757 nos2).o
1282 3707 1310 3776 2)
1323 3709 1455 3780 sapient.

110 3757 217 3836 Quam
230 3758 394 3912 ¹sublimia,
412 3766 508 3845 atque
526 3758 708 3822 homiuibus
723 3774 741 3822 a
757 3756 866 3821 divino
887 3758 1062 3841 exemplari
1078 3764 1227 3828 transcri-
1248 3779 1309 3857 liti,
1329 3784 1371 3840 18.
1470 3752 1476 3782 '

111 3846 214 3912 benda

205 3937 265 4002 lll.
285 3937 335 4002 nd
351 3939 472 4002 maiora
487 3957 521 4003 se
537 3937 680 4004 extendit
691 3938 833 4002 cultuum
845 3935 985 4015 libertas,
1002 3938 1134 4005 lacultas
1145 3941 1229 4006 scili-

112 4030 166 4090 cet
183 4044 246 4091 nou
263 4025 366 4091 solnm
383 4045 423 4091 ne
438 4027 488 4092 cui
505 4044 685 4109 repugnans
699 4025 912 4090 conscientiae
935 4028 1035 4092 cultus
1050 4029 1225 4110 ingeratur,

111 4115 166 4178 sed
180 4115 355 4197 quibusque
371 4117 511 4181 extemis
525 4122 559 4182 et
572 4117 698 4199 placitis
714 4115 835 4181 actibus
847 4115 948 4181 Deum
964 4117 1100 4182 colendi.
1114 4119 1148 4184 Si
1162 4120 1228 4201 pri·
1333 4171 1336 4178 .

111 4203 223 4280 vatim,
240 4203 343 4269 cultus
362 4204 480 4270 dicitur
499 4205 660 4280 toleratus,
679 4209 715 4270 ut
738 4204 770 4268 in
787 4203 900 4269 ltaliae
916 4205 1030 4270 linibus
1048 4211 1227 4288 protestan-

111 4291 224 4357 tismus
239 4298 272 4359 et
289 4293 473 4368 ludaismus;
492 4294 519 4358 si
535 4293 671 4375 publice,
687 4292 789 4359 cultus
806 4309 916 4357 omnes
931 4293 1000 4375 lege
1015 4295 1104 4359 civili
1119 4296 1227 4378 aequi·

110 4388 275 4459 parantur.
289 4383 373 4449 Hinc
390 4387 479 4465 patet
492 4383 524 4448 1.
539 4386 656 4465 quauta
672 4381 719 4447 rei
734 4381 915 4463 ignorantia
931 4382 1075 4447 laborent
1086 4384 1141 4467 qui
1152 4402 1228 4449 cou-

109 4469 262 4536 scientiae
277 4478 310 4538 et
321 4471 463 4537 cultuum
476 4471 655 4537 libertatem
668 4471 866 4535 confundunt
881 4487 917 4534 ac
929 4470 1226 4560 missenum-quam

109 4566 218 4627 errent
230 4561 278 4627 illi
291 4561 494 4647 quicultuum
506 4560 686 4630 libertatem
696 4559 729 4624 iu
740 4559 870 4626 illorum
882 4559 1021 4627 absoluto
1034 4563 1225 4642 aequalitate
