3222 5282
423 297 466 366 66
869 319 1001 369 crosna.

378 465 529 529 tbeismus
548 469 580 530 et
595 455 822 549 pantominus:
846 467 951 548 aliqua
967 467 1034 541 ille,
1061 465 1112 533 bic
1127 467 1272 532 universa
1286 462 1392 532 Deum·
1406 463 1490 528 lece-

379 558 441 618 rat.
459 552 696 621 Pantheismum
712 571 730 618 a
746 555 911 622 Benedicti
926 554 1077 638 spinosae
1091 555 1262 640 discipulis,
1276 553 1414 628 Goetho,
1433 551 1492 617 Ga-

378 661 428 718 ro,
447 643 551 718 Olren,
569 643 713 727 Lessing,
729 644 852 709 Herder
870 644 1002 726 aliisque
1021 651 1231 711 restauratum
1254 644 1288 707 in
1304 639 1490 714 Germania,

378 731 793 808 Eclectici,variislormulis
808 751 844 798 ac
856 732 994 814 phaleris
1009 740 1182 817 comptum,
1194 751 1294 815 nuper
1304 732 1494 796 invexerunt

378 821 412 884 in
425 819 573 886 Galliam.
587 823 690 903 Magis
705 823 941 896 circumvoluta,
957 823 1121 904 minusque
1132 839 1276 904 expressa
1289 820 1401 902 gallica
1420 817 1495 900 phi-

378 909 521 993 losophia
531 927 625 992 quam
637 911 875 992 germanicaeo
885 917 990 977 mmen
1002 911 1158 994 pervenit,
1170 912 1248 976 duce
1256 911 1404 976 victorio
1413 907 1492 972 Cou-

376 1001 440 1071 sin,
458 1001 494 1063 ut
509 999 623 1064 amotis
640 1005 771 1065 naturae
786 1005 819 1064 et
833 1000 997 1081 religionis
1012 1000 1236 1074 fundamentis,
1254 998 1423 1082 imperium
1437 1013 1496 1077 po-

377 1088 501 1152 liticum
518 1086 733 1162 labefactaret,
747 1089 911 1155 socialistis
925 1094 1030 1155 autem
1042 1093 1074 1153 et
1085 1088 1304 1155 communistis
1319 1088 1403 1152 viam
1414 1091 1497 1149 ster-

378 1181 481 1240 neret.
494 1176 645 1240 Eclectici
659 1177 746 1241 enim
759 1178 943 1258 nuperiores
954 1196 993 1244 ex
1004 1176 1223 1260 philosophico
1234 1176 1423 1259 patheismc,
1439 1190 1499 1254 po-

378 1265 501 1329 liticum
513 1265 745 1346 pantheismum
755 1265 940 1342 effecerunt,
950 1268 1043 1332 unica
1054 1272 1214 1350 perstante
1222 1265 1366 1333 visociali
1375 1270 1409 1329 et
1419 1260 1500 1326 acti-

377 1371 427 1419 va:
445 1350 551 1417 Status
567 1353 615 1418 vel
629 1351 815 1435 Imperium.

472 1442 744 1524 libeantheismi
766 1443 977 1527 philosophici
991 1444 1069 1509 haec
1083 1449 1131 1509 est
1146 1445 1281 1526 genesis,
1305 1447 1338 1508 et
1354 1437 1501 1505 absurdi-

377 1537 436 1596 tas.
445 1530 555 1596 Deleta
567 1531 706 1613 primum
718 1533 933 1608 distinctione,
947 1551 1027 1615 quae
1038 1533 1288 1598 substantialiter
1295 1531 1383 1597 entia
1393 1530 1435 1592 ab
1445 1545 1502 1590 en-

376 1619 460 1684 tibus
476 1624 611 1702 separat,
637 1620 832 1686 ineluctabili
853 1623 1050 1698 necessitate,
1071 1622 1249 1686 differentia
1269 1613 1433 1704 quaelibet
1452 1617 1503 1678 in-

377 1714 427 1774 tea
439 1727 597 1773 summum
609 1709 821 1790 legislatorem
834 1716 927 1796 atque
939 1711 1026 1775 entia
1038 1717 1143 1775 creata
1155 1710 1258 1774 cidem
1273 1709 1429 1782 subiecta,
1448 1721 1504 1766 ex-

378 1798 585 1879 pungebatur.
608 1798 719 1866 Nullus
734 1800 853 1880 quippe
868 1805 1003 1875 creator,
1017 1799 1162 1882 nullaque
1177 1804 1335 1873 creatura,
1358 1795 1414 1860 sed
1431 1791 1505 1857 uui-

377 1891 425 1950 tas
436 1884 642 1950 substantiae.
656 1887 741 1950 llaec
753 1888 845 1951 simul
858 1892 985 1952 aeterua
998 1905 1034 1952 ac
1045 1887 1242 1976 temporalis,
1257 1888 1354 1952 homo
1367 1888 1401 1948 et
1413 1882 1505 1966 plau·

377 1980 422 2048 ta,
437 1972 571 2037 mundus
582 1991 618 2037 ac
630 1974 726 2039 Deus.
739 1973 824 2038 llaec
836 1976 910 2039 dum
921 1976 1085 2051 evolvitur,
1099 1976 1215 2040 revelat
1229 1976 1379 2057 seipsam,
1401 1972 1437 2034 in
1451 1986 1506 2035 va-

377 2061 440 2125 rias
456 2061 626 2126 successive
638 2062 756 2125 formas
768 2062 964 2144 immigrans.
976 2064 1384 2129 Praeclarissimaomnium
1398 2060 1505 2123 forma

377 2155 424 2220 eat
439 2149 626 2231 homo,qui‚
636 2149 1112 2233 seipsumintelligendc,actum
1128 2159 1254 2218 exercet
1271 2151 1389 2216 meotis
1399 2152 1507 2212 aeter-

378 2253 450 2313 nae,
469 2237 576 2319 sicque
590 2231 631 2302 se*
638 2242 671 2303 et
688 2238 807 2320 reliqua
824 2241 922 2321 magis
938 2242 1099 2323 magisque
1114 2241 1336 2321 intelligendo,
1354 2237 1395 2302 ad
1412 2253 1508 2317 supe-

378 2327 463 2390 riora
481 2325 676 2399 conscendit,
694 2333 837 2407 quaeest
854 2330 920 2393 eius
936 2330 1102 2394 indefinita
1119 2330 1286 2410 perfectio.
1312 2328 1375 2393 Sed
1391 2325 1508 2390 inlini-

379 2421 446 2480 tum
462 2415 546 2498 quod
561 2416 596 2479 in
612 2414 703 2480 linita
719 2416 883 2492 dividitur3
895 2418 1159 2498 perfectissimum
1174 2419 1258 2500 quod
1275 2414 1460 2497 perficitur;
1472 2431 1509 2474 u-

378 2504 460 2568 nitas
479 2503 685 2577 substantiae,
703 2508 735 2567 et
749 2522 952 2585 personarum
969 2507 1143 2580 distinctim
1168 2505 1322 2587 cogitatio
1338 2508 1372 2569 et
1390 2507 1508 2566 exten-

377 2591 609 2665 sio,allirmatio
619 2594 652 2655 et
662 2593 827 2672 negatioin
837 2595 947 2657 eodem
955 2595 1107 2665 subiecto,
1119 2611 1193 2657 nam
1209 2597 1326 2675 negant
1342 2590 1401 2655 alii
1419 2588 1509 2671 quod

375 2679 430 2742 alii
446 2681 614 2745 allirmant:
632 2679 710 2744 talia
724 2686 797 2744 sunt
812 2700 956 2746 errorum
972 2687 1113 2746 monstra
1130 2681 1362 2763 apantheismo
1379 2679 1507 2760 genita.

374 2767 506 2842 Verum,
518 2785 644 2850 semper
659 2767 768 2832 eadem
785 2789 855 2845 vox,
865 2770 1035 2835 humanam
1050 2771 1249 2852 permulceas
1264 2768 1506 2850 arrogantiam:

374 2857 477 2920 Eritis
492 2856 644 2920 sicutDt'i.

464 2946 522 3011 lV.
533 2946 581 3011 Ex
589 2944 702 3009 eodem
710 2950 890 3029 systemate,
902 2945 961 3010 bac
969 2952 1144 3030 sequuntur
1154 2947 1292 3012 morales
1305 2949 1338 3008 et
1352 2943 1512 3025 politicae

372 3034 602 3100 conclusiones.
620 3033 723 3099 Semel
739 3035 842 3116 posita
857 3035 997 3098 hominis
1011 3035 1189 3110 divinitate,
1208 3035 1278 3118 quis
1293 3030 1424 3096 bomini
1448 3032 1514 3094 im·

373 3128 475 3205 peret,
501 3123 571 3205 quis
591 3120 756 3186 hominem
770 3123 893 3204 'legibus
908 3122 1064 3195 subiiciat,
1083 3124 1131 3186 vel
1148 3126 1305 3194 coerceat,
1323 3121 1404 3202 quid
1422 3121 1457 3183 ei
1477 3120 1512 3182 in

373 3212 437 3282 vita
453 3212 502 3276 vel
518 3216 590 3292 post
606 3211 704 3276 vitam
721 3210 1021 3291 pertimescendum?
1037 3211 1172 3284 Deinde,
1196 3210 1224 3272 si
1240 3209 1326 3274 nulla
1350 3225 1514 3290 persona-

373 3317 444 3364 mm
456 3300 633 3376 distinctio,
647 3316 724 3380 ergo
738 3300 819 3364 nadla
831 3316 954 3379 quoque
967 3298 1128 3362 distinctio
1142 3298 1262 3362 iurium
1275 3303 1309 3362 et
1322 3297 1512 3370 actionum,

305 3470 308 3476 Ι
372 3405 448 3468 ergo
465 3407 562 3452 unum
578 3389 638 3462 ius,
664 3391 697 3449 ct
713 3401 809 3450 vacua
825 3387 952 3449 nomina
969 3404 1070 3450 meum
1086 3389 1119 3450 et
1133 3393 1239 3462 tuum·
1260 3402 1340 3466 ergo
1355 3385 1515 3450 socialis-

371 3492 442 3538 mus
458 3473 765 3539 etcommunismus.
1519 3495 1524 3510 ·

461 3562 503 3625 V.
521 3560 656 3624 Plurimi
672 3563 778 3623 autem
795 3559 909 3622 nudum
926 3561 1157 3641 pantheismum
1173 3561 1372 3635 reiieieutes,
1393 3566 1514 3626 tamen

370 3648 486 3724 virium
500 3647 693 3713 naturalium
709 3646 929 3710 aeternitatem
944 3650 1142 3729 profitentur,
1154 3650 1201 3713 uti
1211 3651 1348 3714 Herder:
1357 3653 1466 3731 atque
1479 3650 1515 3713 in

369 3735 455 3798 idem
469 3735 627 3800 recidunt.
651 3735 720 3798 n-lii
736 3734 971 3799 ineluctabilem
988 3737 1068 3800 vitae
1083 3753 1296 3817 progressum,
1320 3753 1379 3800 seu
1397 3739 1518 3802 evolu-

368 3824 504 3898 tionem,
527 3828 791 3896 tommemorant;
817 3840 912 3904 quam
928 3823 1023 3904 leqem
1040 3825 1192 3887 cicentem
1214 3825 1437 3890 humanitatis
1455 3844 1516 3909 ap-

369 3909 489 3991 pellant
501 3910 752 3977 Sausimoniani.
768 3909 850 3984 Alii,
868 3909 916 3974 uti
929 3911 1087 3975 Bonnetus
1102 3910 1192 3993 (bona
1205 3914 1404 3994 quandoque
1418 3913 1515 3999 fide),

280 4044 285 4054 .
367 3997 454 4061 entia
469 3998 608 4073 entibus,
628 3997 878 4071 irrationabilia,
896 3997 1097 4077 verbigratia,
1112 4000 1373 4074 rationabilibus,
1390 4002 1444 4066 ita
1463 4004 1519 4067 in-

365 4086 478 4148 terseri
494 4088 702 4162 contendunt,
718 4083 754 4152 ut
769 4087 923 4168 quaedam
939 4089 1105 4167 utrumque
1120 4102 1220 4164 genus
1234 4088 1399 4164 reserant,
1416 4090 1519 4172 plan·

365 4177 417 4234 tae
432 4172 526 4238 simul
542 4181 575 4242 et
587 4176 779 4252 animantia,
795 4174 888 4238 bruta
905 4169 998 4233 simul
1013 4177 1046 4235 et
1058 4172 1275 4238 rationabilia:
1291 4176 1332 4241 err
1349 4195 1418 4257 qua
1436 4197 1520 4260 per-

364 4258 533 4339 mixtione,
546 4264 586 4328 ad
593 4265 832 4346 pantheismum
846 4259 1000 4323 levissime
1012 4258 1206 4323 dilabuntur.
1216 4263 1340 4327 Eadem
1350 4265 1520 4331 insisten-

364 4350 423 4418 tes,
439 4347 555 4416 docent
571 4351 625 4415 alii
638 4349 873 4431 compositionis
889 4346 1051 4418 unitatem,
1066 4344 1130 4408 sive
1143 4349 1250 4412 omnia
1264 4351 1462 4418 animantia
1477 4373 1519 4419 ex

366 4436 599 4517 typiquandam
611 4441 738 4505 unitate
749 4435 905 4521 proiecta,
916 4431 1072 4511 gradatim
1081 4434 1113 4494 et
1122 4451 1178 4512 per
1191 4439 1377 4502 tentamina
1388 4440 1427 4504 in
1437 4462 1520 4525 per.

363 4519 510 4589 lectiores
526 4529 660 4596 evasisse
676 4527 807 4601 termas,
822 4520 997 4604 usquedum
1014 4520 1103 4585 heret
1114 4520 1223 4586 bomo:
1239 4543 1323 4606 quae
1337 4527 1460 4594 schola
1476 4532 1519 4594 ab
