3224 5282
487 490 871 572 TITULUSNI.

130 698 366 753 ononnrrrrsrrs
380 699 481 751 rvouro
494 665 667 752 ursromcs
682 697 772 752 aeon
785 697 991 784 oarnnrruns
1006 699 1049 749 nr
1064 697 1224 753 carneos.

194 861 217 917 Ι.
232 862 291 918 Non
303 875 390 932 aequa
409 859 508 916 iuriam
520 859 639 917 civilium
652 863 681 916 et
693 857 868 930 politicorum
888 858 1047 933 partitione,
1063 874 1149 933 regna
1163 860 1238 918 intir-

115 936 274 994 mabuntur.
291 937 328 992 ΙΙ.
343 936 500 1008 Proprietas
513 951 575 992 cum
589 935 788 1006 personalitate.
794 935 850 992 lere
864 942 1012 993 evanuerat
1024 937 1100 1010 apud
1106 937 1237 994 orienta-

115 1014 168 1069 les.
183 1012 232 1068 ΙΙΙ.
248 1012 369 1084 Graecis,
384 1011 494 1068 minima
508 1010 620 1068 libertas
638 1009 736 1068 civilis.
750 1013 794 1074 ΙΙΙ.
811 1011 880 1066 luris
891 1010 992 1081 publici
1004 1027 1122 1084 somma,
1132 1027 1165 1068 ex
1175 1012 1237 1070 Pla·

113 1097 181 1144 tone
195 1094 223 1145 et
237 1087 393 1144 Aristotele.
410 1088 442 1144 V.
457 1087 547 1143 Civilis
559 1086 745 1159 despotismus
758 1085 828 1144 male
846 1084 953 1158 politica
966 1084 1092 1144 libertate
1105 1103 1237 1160 compen·

115 1163 241 1221 sabatur.
256 1163 301 1221 ΙΙΙ.
319 1163 440 1220 Platonis
454 1162 581 1234 politicus
595 1163 796 1235 pantheismus.
811 1163 869 1221 llll.
887 1161 962 1218 ldem
981 1164 1130 1233 sapientior
1144 1163 1168 1220 in
1182 1167 1237 1222 Le·

113 1239 375 1314 prouolutum
393 1239 560 1310 proprietate
577 1245 606 1296 et
619 1239 762 1296 affectibus
781 1237 872 1296 alitur.
888 1238 937 1294 ΙΙΙ.
952 1237 1120 1296 seditionum
1139 1239 1236 1312 lomes,

114 1317 241 1388 quaestio
260 1313 295 1371 de
308 1316 488 1386 proprietate.
509 1313 545 1371 X.
559 1313 643 1374 Errat
659 1315 781 1391 llablpus
800 1314 920 1387 scriptor
938 1314 1105 1373 levissimus.
1121 1315 1168 1372 ΙΙΙ.
1183 1317 1238 1373 lte·

114 1397 258 1450 stauratac
271 1393 438 1449 Graecorum
450 1391 569 1463 utopiae.

207 1601 235 1664 1.
253 1596 414 1666 Historica
428 1598 733 1696 quamoingredimur
741 1599 921 1686 inquisitio,
934 1596 1101 1682 potissima
1113 1600 1238 1670 evincet

114 1688 327 1773 imperiorum
342 1691 424 1755 mala
439 1689 473 1753 in
490 1707 529 1754 eo
543 1691 698 1756 extitisse:
714 1690 746 1758 1.
758 1693 841 1774 quod
856 1691 904 1758 vel
922 1690 1007 1755 nulla
1019 1696 1123 1756 esseut
1133 1693 1239 1772 gentis

115 1781 201 1852 iura,
219 1778 248 1842 si
262 1778 311 1844 ius
326 1778 552 1861 imperantium
566 1780 717 1863 excipiasr
735 1782 784 1846 vel
800 1783 834 1846 2.
852 1779 936 1863 quod
951 1779 1060 1862 populi
1075 1780 1172 1844 nimis
1187 1798 1240 1846 ar·

115 1869 231 1932 denter
246 1867 314 1932 iura
327 1868 457 1950 politico
471 1867 742 1951 concupiscerent,
757 1870 831 1935 dum
845 1868 1039 1950 imperantes
1051 1869 1120 1932 iura
1131 1869 1241 1935 civilio

114 1961 148 2022 et
163 1957 343 2021 maximum
356 1957 559 2038 proprietatis
574 1957 624 2022 ius
639 1955 679 2022 ad
693 1975 727 2024 se
741 1955 927 2040 pertrahere
944 1957 1140 2023 nitebantur.

208 2045 255 2110 ΙΙ.
266 2046 358 2128 Apud
366 2045 558 2120 orientales,
569 2047 623 2110 ubi
634 2046 814 2112 individuus
823 2047 857 2111 in
869 2045 993 2111 familia
1001 2045 1238 2122 absorbebatur,

115 2132 242 2199 lamilia
260 2134 293 2197 in
310 2133 458 2218 imperio,
476 2135 650 2215 imperimu
666 2137 699 2201 in
716 2136 877 2218 principe,
896 2137 973 2201 adeo
989 2141 1024 2201 ut
1038 2133 1241 2200 individualis

112 2222 326 2306 personalitas
337 2229 547 2299 evanesceret,
555 2225 735 2307 proprietas
745 2243 870 2310 quoque
883 2230 1064 2302 evanuerat,
1072 2240 1137 2288 uno
1150 2225 1239 2306 prin-

114 2314 188 2395 cipe
204 2313 314 2378 omuia
324 2312 518 2395 possidente,
531 2314 630 2379 ceteri
642 2318 749 2380 autem
760 2333 800 2380 cx
810 2315 977 2398 principis,
990 2313 1079 2396 quasi
1090 2313 1240 2382 Numinis

114 2402 295 2476 cuiusdam,
312 2401 412 2466 libera
427 2407 461 2468 et
475 2401 821 2492 revocabili‘voluntate
835 2401 889 2490 (o).

205 2491 269 2556 ΙΙΙ.
284 2489 412 2567 Graeci,
428 2491 517 2558 omni
530 2492 678 2558 libertate
688 2491 786 2558 servis
798 2492 957 2576 adempta,
969 2490 1031 2574 ipsi
1042 2494 1189 2574 corrupta
1201 2511 1238 2555 u-

112 2581 280 2648 tebantur:
298 2598 373 2645 nam
387 2580 518 2645 libertas
533 2581 663 2665 politica
678 2581 798 2646 civibus
812 2582 881 2664 plus
898 2599 998 2664 aequo
1014 2581 1153 2646 martina
1164 2579 1238 2645 ade·

112 2674 176 2735 rat:
194 2668 302 2735 civilis
317 2687 404 2746 vero,
423 2669 569 2735 minima.
581 2669 731 2736 Veterem
742 2669 831 2734 illam
843 2665 1080 2755 rempublicam,
1093 2670 1142 2734 uti
1158 2687 1238 2737 nova

112 2759 272 2840 quaedam
284 2759 453 2840 regimina,
464 2759 555 2824 ftrror
565 2759 674 2824 omnia
687 2759 806 2842 legrbus
817 2761 948 2842 regendi
963 2777 999 2825 ac
1010 2757 1178 2824 coercendi
1190 2759 1241 2822 in·

113 2852 251 2913 vaserat.
274 2847 391 2923 Homo,
408 2847 534 2912 aiebant
549 2847 612 2924 illi,
629 2849 753 2930 patriae
776 2850 928 2926 nascitur;
947 2849 1007 2914 filii
1023 2848 1113 2928 prius
1129 2846 1168 2911 ad
1183 2864 1239 2930 pa·

113 2937 213 3001 triam
230 2953 326 3018 quam
342 2935 544 3018 adparentes
565 2937 740 3019 pertinent.
756 2933 840 3003 Hinc
862 2938 1017 3003 matribus
1039 2941 1072 3004 et
1087 2936 1164 3002 liliis
1179 2935 1239 3000 ali·

114 3030 225 3090 menta
236 3025 464 3108 praescribere3
472 3025 646 3091 infantium
656 3025 748 3091 fletus
759 3027 878 3109 legibus
889 3044 1050 3101 coercere,
1063 3025 1238 3092 Aristotele

113 3115 289 3189 relerente,
299 3114 388 3198 quasi
400 3115 678 3200 lacrymaeberoes
687 3116 811 3181 tuturos
821 3116 1020 3191 dedecerent;
1030 3113 1237 3181 domesticam

114 3204 338 3268 educationem
353 3209 386 3269 et
400 3204 471 3269 iura
482 3203 653 3269 familiaria
665 3205 705 3269 ad
720 3205 945 3287 rempublicam
957 3204 1155 3287 pertrahere;
1169 3219 1238 3266 om·

115 3293 167 3356 nia
180 3293 217 3356 in
229 3293 351 3357 civibus
365 3293 539 3376 inquirere,
551 3311 716 3359 numerare
724 3311 857 3376 gressus,
866 3311 1032 3377 personam
1043 3293 1160 3358 delere.
1170 3290 1237 3357 Un-

93 3401 94 3404 ’
114 3381 153 3444 de
167 3381 404 3463 mancipiomm
419 3382 481 3446 duo
496 3399 625 3464 genera:
651 3385 746 3462 servi,
765 3383 821 3466 qui
836 3384 869 3448 in
886 3381 1015 3459 civium,
1033 3382 1116 3446 cives
1129 3379 1186 3462 qui
1201 3379 1236 3444 in

114 3470 309 3558 reipublicae
330 3471 483 3538 servitute
498 3472 718 3536 morabantur.
736 3473 822 3538 Haec
836 3473 890 3537 illa
906 3472 1035 3552 libertas
1050 3476 1083 3536 et
1097 3468 1236 3552 republi-

114 3576 193 3624 caoa
209 3559 386 3635 beatitudo,
404 3579 499 3642 quam
516 3562 616 3626 nostri
632 3565 799 3644 tantopere
814 3561 952 3628 inhiant.

209 3648 269 3713 ΙΙΙ.
288 3648 359 3728 Quo
375 3655 480 3715 autem
495 3650 671 3732 personalis
692 3649 834 3726 libertas,
853 3669 891 3716 eo
905 3655 938 3714 et
952 3649 1129 3734 proprietas
1144 3667 1236 3714 coar-

115 3737 274 3804 ctabatur.
291 3739 374 3805 luris
389 3739 507 3822 publici
522 3756 678 3804 summam
693 3744 891 3821 expresserat
906 3739 998 3805 Plato
1010 3741 1046 3808 iu
1060 3739 1144 3804 libro
1155 3739 1184 3805 V
1197 3740 1237 3805 de

190 3913 233 3988 la)
248 3917 312 3974 lure
327 3915 437 3987 publico
450 3916 637 3988 Orientalium,
652 3929 698 3974 res
717 3921 746 3974 et
759 3930 894 3988 personae
907 3916 933 3974 in
947 3914 1076 3987 principis
1095 3921 1173 3972 erant
1186 3930 1236 3987 po·

115 3996 223 4049 testate.
234 3993 300 4049 Eius
313 3992 451 4050 civilitatis
464 3993 615 4064 exemplar,
624 3999 713 4050 statua
723 4008 805 4050 aurea
814 3992 1066 4050 Nabuchodonosor
1076 3992 1159 4064 regis,
1175 4007 1234 4047 om·

115 4065 192 4122 nibus
205 4066 354 4125 adoranda.
369 4071 480 4141 Contra,
494 4069 559 4126 iuris
568 4075 597 4126 et
608 4068 741 4125 libertatis
756 4067 908 4140 exemplar,
922 4068 1074 4138 iohannis,
1087 4065 1195 4124 llisaele
1206 4073 1235 4124 et

115 4143 221 4200 linaria:
243 4165 255 4193 v
272 4145 345 4201 Ecce
358 4145 431 4202 Deus
445 4150 550 4220 noster,
564 4158 648 4216 quem
661 4143 788 4218 colimus,
801 4150 891 4215 potest
901 4143 1009 4216 cripere
1020 4158 1070 4199 nos
1082 4142 1117 4200 de
1128 4142 1234 4200 camino

115 4217 183 4288 iguis
196 4218 333 4288 ardentis,
341 4226 370 4277 et
382 4219 417 4277 de
430 4219 555 4277 manibus
568 4219 633 4293 tois,
645 4235 662 4276 o
674 4234 733 4294 rex,
743 4220 870 4278 liberare.
884 4219 982 4288 Quodsi
995 4218 1122 4291 noluerit,
1134 4222 1234 4275 'notum

115 4293 149 4348 sit
161 4294 221 4368 tibi,
236 4310 298 4370 rer,
322 4297 383 4369 quia
397 4298 467 4354 beos
480 4302 543 4352 tuos
556 4311 610 4352 non
623 4293 751 4370 colimus,
765 4301 794 4354 et
807 4301 925 4354 statuum
938 4307 1061 4368 auream,
1076 4309 1157 4366 quam
1170 4307 1234 4350 cre·

115 4369 185 4442 xisti,
206 4387 262 4428 non
277 4370 433 4431 adoramus.
448 4371 526 4428 Tunc
542 4369 795 4429 Nabuchodonosor
809 4371 932 4442 repletus
945 4377 989 4428 est
1000 4370 1094 4428 lurore
1109 4391 1121 4420 a
1142 4369 1231 4443 ibam,

116 4445 162 4518 ΙΙΙ,
180 4445 297 4521 1749).
313 4449 385 4505 llaec
401 4448 455 4505 duo
470 4448 600 4505 historice
614 4449 818 4504 consociantur:
839 4451 863 4504 l.
879 4462 943 4504 cum
963 4447 1142 4520 proprietate,
1158 4458 1233 4499 sem·

116 4536 162 4591 per
180 4525 355 4582 imminutam
372 4524 456 4582 tuisse
470 4539 604 4597 personae
624 4523 792 4596 libertatem,
807 4526 837 4580 2.
851 4523 910 4580 iura
922 4522 1070 4598 quaelibet,
1091 4517 1177 4578 realia
1189 4517 1232 4574 rol

115 4600 277 4674 personalia,
293 4615 431 4675 nunquam
443 4616 459 4659 a
472 4615 539 4660 vcra
553 4598 684 4674 religione
696 4599 780 4658 luisse
793 4597 906 4658 divulsa.
