3224 5282
551 314 770 380 rrrcaosrur.
1112 306 1174 375 too

100 477 169 558 rigo
187 476 385 542 auctoritatis
405 491 485 558 quae
501 493 543 540 eu
558 476 623 541 Deo
646 481 707 550 est,
724 479 757 542 et
771 475 943 540 imminens
956 473 1017 540 Dei
1033 473 1215 554 imperium:

95 575 224 646 propter
237 564 352 630 Deum.
371 563 434 644 Qui
446 565 523 629 hacc
539 568 631 647 neget
646 564 910 632 universalissima
926 570 1058 628 naturae
1072 562 1219 627 dictami-

100 672 138 716 na
155 659 187 719 et
198 654 329 728 iudicia,
340 654 497 718 rationem
509 659 615 735 negat,
627 653 781 719 lamiliam
793 657 826 718 et
837 651 1033 726 societatem,
1045 650 1219 718 rationabi-

99 742 176 806 lium
190 747 408 807 creaturarum
419 741 562 807 ordinem
578 747 709 819 evertet,
727 743 845 807 iurium
860 745 966 805 autem
981 740 1215 822 cognationem,

98 830 296 911 gerarcbiam
311 835 343 895 et
357 847 540 914 compagem
552 830 712 896 dissolvet.
726 831 842 898 Videat
861 829 947 894 enim
968 829 1047 912 ipse,
1064 829 1219 912 aliamque

97 920 124 983 si
143 924 305 1000 suppetat,
323 918 453 984 bomine
468 919 609 999 dignam,
626 917 778 997 iamiliac,
794 917 968 993 societatis,
985 923 1080 1002 atque
1101 918 1220 982 officio-

98 1024 169 1072 rum
183 1008 338 1073 moralem
352 1007 615 1073 constitutionem
630 1007 784 1088 proterat.

189 1096 281 1160 xlv.
298 1096 390 1175 Quod
406 1100 516 1162 natura
530 1102 744 1178 praeceperat,
757 1093 921 1177 Evangelii
933 1093 984 1162 lex
995 1094 1112 1161 iterum
1123 1093 1221 1160 edicit

95 1189 132 1249 ct
147 1183 270 1248 firmat.
286 1184 437 1251 Gentium
449 1184 534 1249 enim
543 1185 725 1267 Apostolus,
739 1185 891 1257 humanos
902 1187 1073 1266 potestates
1084 1185 1123 1249 od
1134 1200 1222 1248 oom-

100 1289 232 1336 munem
247 1273 446 1339 auctoritatis
461 1273 618 1354 originem
638 1275 816 1350 conterens,
834 1274 1122 1354 argumentabatur:
1143 1271 1222 1338 «Ο-

101 1361 188 1426 mnis
203 1361 308 1425 anima
323 1362 528 1443 potestatibus
543 1361 778 1427 sublimioribus
793 1360 917 1427 subdita
928 1361 984 1436 sit,
1002 1380 1067 1426 non
1083 1371 1127 1425 ost
1137 1361 1222 1426 cotim

97 1457 237 1530 potestas
251 1451 314 1514 nisi
329 1467 350 1513 c
365 1449 445 1516 Deo:
461 1467 540 1532 quae
554 1455 661 1517 autem
672 1457 758 1527 sunt,
775 1469 794 1516 a
809 1452 876 1517 Deo
893 1450 1040 1514 ordinata
1055 1453 1139 1514 sunt.
1158 1451 1223 1516 lta-

100 1555 160 1620 que
177 1538 235 1619 qui
250 1538 369 1602 resistit
384 1539 546 1621 potestati,
563 1539 623 1604 Dei
638 1541 831 1604 ordinationi
842 1539 967 1602 resistit.
982 1537 1045 1616 Qui
1055 1541 1161 1603 autem
1173 1553 1222 1600 re-

99 1628 231 1700 sistunt,
240 1625 300 1708 ipsi
310 1627 370 1691 sibi
382 1628 618 1694 damnationem
632 1629 800 1710 acquirunt
813 1625 855 1712 1).
868 1650 884 1689 u
895 1627 1044 1708 Princeps
1053 1644 1127 1691 vero
1136 1630 1223 1706 Apo-
1266 1609 1289 1684 ί)
1304 1614 1399 1684 R⁰mo
1417 1611 1463 1685 ΠΙ,

100 1715 268 1789 stolorum,
284 1715 318 1779 in
334 1716 531 1782 obedientiae
545 1718 696 1789 motivum
708 1719 755 1782 vel
770 1716 928 1781 rationem
941 1716 1118 1780 intendensr
1134 1735 1151 1774 «
1165 1714 1224 1780 Su·
1249 1689 1273 1760 ¹³
1289 1690 1317 1743 ²·

100 1804 201 1869 biecti
217 1807 317 1869 estote
333 1805 423 1869 omrli
442 1805 596 1870 humanae
620 1810 780 1871 creaturae
798 1812 929 1885 propter
942 1803 1057 1868 Dcomr
1074 1803 1139 1868 sive
1154 1801 1223 1884 regi

100 1893 193 1974 quasi
209 1893 424 1972 praecellenti,
442 1894 508 1958 sive
523 1892 651 1960 ducibus
668 1899 828 1976 tamquam
844 1892 937 1958 obeo
952 1892 1056 1957 missis
1071 1893 1110 1956 ad
1121 1891 1224 1956 vindi-

100 1988 185 2046 ctam
203 1980 455 2058 malefactorum,
469 1981 591 2048 laudem
608 2001 681 2068 vero
693 1983 859 2047 bonorum:
870 1981 945 2063 quia
956 1983 1004 2045 -sic
1019 1990 1062 2046 cst
1079 1980 1225 2045 voluntas

100 2069 169 2148 Dei,
187 2073 225 2133 ut
240 2069 482 2146 benefacientes,
497 2071 712 2136 obmutescere
724 2071 847 2142 faciatis
860 2070 1108 2151 impmdentium
1121 2068 1227 2133 bomi-

101 2177 177 2222 num
204 2157 428 2238 ignorantiam:
448 2160 537 2242 quasi
561 2159 664 2234 liberi,
683 2165 716 2225 et
732 2179 795 2223 non
811 2158 899 2244 quusi
914 2160 1055 2224 velamen
1076 2157 1226 2222 habentes

99 2245 246 2311 malitiae
262 2245 453 2326 libertatem,
473 2249 528 2313 sed
543 2249 623 2312 sicut
642 2249 724 2313 servi
751 2248 822 2314 Dei.
842 2249 960 2315 Omnes
975 2247 1142 2322 honorate,
1161 2245 1225 2310 ira-
1400 2317 1404 2328 ⁴

100 2335 291 2399 tenuitatem
307 2335 442 2418 diligite:
457 2337 559 2402 Deum
570 2337 693 2412 timete,
707 2353 814 2417 regern
829 2336 1036 2401 honorificate
1051 2333 1095 2420 2).
1117 2354 1134 2398 o
1267 2317 1293 2390 ²l
1308 2318 1320 2374 ¹
1333 2320 1415 2390 Petu,
1435 2319 1470 2392 ¹¹2

189 2423 267 2488 XV.
285 2423 371 2502 Quot
387 2425 421 2489 in
438 2423 502 2490 illis
513 2426 619 2500 verba,
633 2430 682 2492 tot
693 2425 773 2490 iuris
786 2424 904 2506 publici
915 2424 1130 2490 fundamenta:
1140 2423 1224 2505 quod
1253 2394 1347 2452 ¹³4⁷·

99 2516 158 2587 ius,
176 2511 344 2578 bominum
366 2509 552 2596 arrogantia*
568 2515 616 2580 vel
631 2514 815 2596 ambagibus
834 2516 984 2588 solutum,
1002 2513 1076 2578 dum
1091 2513 1226 2577 vertitur

98 2603 131 2666 in
148 2601 311 2676 humanis,
337 2602 375 2666 ad
391 2602 491 2674 Deum
515 2603 659 2684 erigitur.
677 2604 861 2686 Eodemque
880 2601 1085 2667 fundamento
1100 2600 1223 2684 privato

99 2693 167 2754 iura
193 2688 429 2756 reficiebantur:
450 2710 467 2751 o
489 2692 577 2766 Filii,
594 2692 721 2756 obedite
745 2691 927 2772 parentibus
944 2691 1060 2757 vestris
1076 2691 1112 2755 in
1125 2690 1224 2754 domi-

98 2798 183 2842 no...
204 2777 306 2853 Servi,
324 2778 452 2843 obedite
464 2779 601 2845 dominis
615 2781 791 2846 carnalibus
806 2797 878 2844 cum
889 2781 971 2844 bona
983 2779 1143 2848 voluntate
1157 2795 1223 2842 ser-

100 2869 235 2940 vientes,
246 2867 483 2946 slcutDomino,
495 2873 528 2934 et
541 2887 603 2934 non
618 2867 957 2946 bominibuszscientes
968 2869 1118 2952 quoniam
1130 2885 1223 2931 unus-

101 2956 250 3038 quisque,
268 2956 484 3037 quodcumque
499 2956 611 3024 iecerit
625 2959 755 3032 bonum,
772 2956 832 3022 boc
843 2958 974 3040 recipiet
986 2975 1004 3020 a
1015 2957 1165 3033 Domino,
1180 2956 1222 3020 si·
1263 2993 1289 3062 3)
1305 2998 1329 3050 E
1346 2993 1404 3050 bes,
1422 2993 1454 3048 w

99 3064 135 3108 ve
153 3062 277 3118 servus,
296 3045 361 3109 sive
377 3044 458 3122 liber
473 3041 516 3128 3).
536 3069 554 3108 »
572 3047 694 3126 Ubique
709 3042 769 3110 Dei
781 3047 964 3120 auctoritas,
978 3045 1155 3109 bominibus
1166 3061 1223 3125 per
1247 3078 1270 3143 1,
1280 3074 1306 3144 5,
1326 3011 1351 3139 ᾖ),
1368 3073 1394 3122 8,
1413 3037 1419 3062 ’
1459 3037 1465 3062 ⁷

99 3132 248 3196 homines
264 3132 470 3215 praecipiens
492 3133 606 3216 ubique
627 3134 818 3210 obedientia,
837 3154 900 3199 non
924 3134 958 3198 in
982 3133 1164 3197 bominibus
1179 3132 1222 3195 si-

98 3225 198 3296 stens,
217 3221 271 3284 sed
287 3222 326 3285 ad
340 3221 400 3286 Dei
417 3221 614 3288 maiestatem
630 3240 804 3305 assurgens
821 3224 936 3307 ubique
951 3223 1058 3295 bomo,
1078 3221 1138 3285 Dei
1160 3221 1221 3284 im-

99 3310 190 3388 perio
204 3309 362 3384 sufflrltus,
380 3310 461 3376 liber
475 3311 531 3376 sub
546 3311 615 3394 ipsa
631 3312 712 3394 lege,
731 3329 795 3376 non
813 3313 966 3393 captivum
985 3327 1089 3375 servus
1105 3309 1164 3374 Dei
1181 3308 1220 3376 li»

100 3398 155 3462 ber
166 3398 209 3462 ab
225 3397 418 3464 hominibus.

186 3487 281 3552 XVI.
298 3488 382 3552 Dum
397 3489 473 3553 haec
496 3488 694 3554 obedientiae
709 3488 857 3570 dignitas,
880 3494 912 3553 et
928 3487 1127 3553 auctoritatis
1152 3487 1220 3551 iura

98 3574 285 3639 bominibus
299 3578 532 3658 evulgabantur,
551 3578 700 3643 excelsior
714 3579 776 3641 ulia
791 3577 921 3642 societas
932 3594 1003 3648 cum
1013 3578 1092 3650 Deo,
1104 3593 1160 3658 per
1169 3593 1220 3639 re-

99 3663 267 3745 ligionem,
282 3670 351 3734 erat
367 3665 515 3731 ineunda.
525 3665 687 3731 Excelsior
699 3670 864 3748 propterea
879 3665 1061 3740 auctoritas,
1073 3663 1220 3729 obedien-

101 3753 144 3816 tia
167 3759 202 3818 et
219 3753 309 3818 fides.
326 3753 386 3820 llic
403 3773 517 3836 nempe
536 3755 591 3819 illa
607 3756 685 3820 fides
708 3772 800 3836 quae,
818 3753 877 3817 Dei
891 3755 1082 3818 auctoritate
1098 3751 1218 3827 innixa,

99 3843 204 3907 credit
220 3859 352 3925 eaquae
368 3861 431 3906 non
453 3844 549 3910 videt.
568 3843 628 3911 Sed
647 3861 746 3925 quum
764 3841 878 3908 motiva
902 3842 1063 3916 credendi,
1081 3841 1164 3905 idest
1178 3841 1222 3904 si-

100 3945 160 4010 gna
172 3931 439 4011 supernaturalia,
455 3933 503 3997 uti
519 3932 704 4015 prophetiae
723 3936 757 3996 et
772 3931 934 4006 miraculo,
953 3931 1017 3996 sint
1033 3931 1222 4011 perspectis-

100 4020 195 4095 sima,
211 4019 417 4084 rationabilis
434 4039 557 4102 quoque
572 4022 634 4086 erit
649 4021 719 4102 ipsa
734 4019 810 4083 fides
824 4018 941 4095 divina;
956 4037 1052 4103 quum
1067 4036 1153 4090 vero,
1170 4035 1222 4080 ra·

101 4109 226 4172 tionem
242 4125 390 4191 superans
405 4107 488 4192 (non
504 4109 552 4173 illi
568 4105 771 4191 repugnans),
788 4107 822 4171 in
838 4105 1122 4188 supernaturalium
1137 4105 1223 4169 ordi·

98 4215 137 4260 nc
154 4200 301 4262 versetur
312 4196 366 4260 illa
379 4197 467 4276 fides,
479 4198 505 4262 si
521 4198 572 4280 pia
590 4198 757 4263 voluntatis
773 4198 873 4261 motio
886 4196 1062 4272 accesserit,
1076 4193 1224 4280 obedien-

99 4285 165 4348 tiae
183 4290 217 4350 et
232 4286 342 4350 meriti
359 4286 482 4350 culmen
507 4277 659 4369 attinget,
675 4287 724 4352 Ad
748 4303 841 4367 quam
863 4285 1047 4366 praesertim
1071 4283 1126 4346 illa
1142 4281 1193 4346 rei
1209 4315 1224 4328 -

96 4378 228 4438 runturz
249 4393 266 4434 o
286 4375 526 4456 Numquidvult
541 4375 696 4443 Dominus
711 4375 887 4448 holocausta
903 4381 936 4440 et
952 4373 1106 4456 victimas,
1116 4376 1148 4436 et
1160 4388 1223 4432 non

98 4463 208 4542 potius
229 4466 265 4526 ut
289 4461 452 4529 obediatur
474 4463 543 4528 voci
569 4463 713 4530 Domini?
728 4461 844 4529 Melior
868 4468 915 4526 est
936 4462 1022 4526 enim
1045 4457 1224 4523 obedientia
1267 4478 1292 4550 l)
1309 4475 1468 4550 1334,qu
1495 4455 1498 4462 '

97 4568 195 4633 quam
211 4549 361 4615 victimae
376 4549 419 4635 l).
437 4576 454 4613 v>
1248 4559 1294 4612 22.
