3224 5282
480 469 896 588 arabessser.

274 663 375 716 norro
389 665 562 719 armamur
578 665 812 716 rnararnnnrrs
828 666 916 718 anun
932 641 1110 717 romanos,

213 827 235 882 l.
251 825 409 896 Proprietas
423 823 535 898 ubique,
557 825 636 882 variis
651 825 815 900 nominibus,
839 823 950 884 afflicta.
963 825 1002 882 ll.
1019 827 1247 890 aristae-raticosa

125 901 314 972 Rornanorum
328 901 368 957 ins
383 901 407 957 ia
422 902 630 972 proprietatem.
651 902 699 958 lll.
714 902 800 975 lllud,
822 903 847 958 in
861 900 960 966 bellios
973 905 1202 979 apprehensione,
1218 913 1247 964 et

127 991 213 1046 penes
223 976 423 1047 rempublicam
435 976 601 1034 morabatur.
612 977 656 1035 lv.
666 979 723 1033 lino
735 985 879 1048 pactorum
891 976 1075 1049 elementa,et
1085 980 1187 1054 duplex
1198 982 1248 1040 do·

127 1045 251 1110 minium.
267 1052 397 1111 VLVerba
411 1051 651 1110 sacramentalia
664 1054 756 1126 iniqua
769 1062 796 1110 et
811 1054 980 1127 arrogantia.
998 1055 1248 1130 lllmlrroganlissi·
1353 1077 1355 1080 ·

128 1141 172 1182 aaa
187 1121 520 1200 pro-prietas'qatrttalir.
531 1129 595 1186 all.
606 1129 675 1187 ilinc
689 1129 788 1186 iuriam
802 1145 905 1204 pugna,
918 1135 947 1186 et
961 1134 1097 1201 praetoris
1111 1136 1245 1206 aequitas.

126 1203 199 1260 Vlll.
209 1207 300 1262 Novus
314 1204 543 1274 iurisprudeutiae
558 1203 635 1260 labor
648 1210 676 1260 et
689 1205 774 1262 color.
789 1205 835 1264 lx.
846 1205 1109 1277 dequlorisscbolae
1123 1209 1189 1280 dux,
1202 1211 1248 1267 Ci-

126 1287 205 1336 otro.
214 1280 248 1338 X.
258 1280 436 1350 Proprietatis
447 1281 502 1350 ins,
519 1296 535 1336 a
548 1279 696 1349 Republica
710 1282 852 1338 avertitur.
861 1271 908 1338 illa
918 1281 1026 1355 passari
1037 1289 1179 1359 potestas,
1192 1287 1248 1341 sin·

122 1355 199 1425 gulis
207 1360 379 1429 proprietas
391 1357 536 1412 asseritur.
545 1347 606 1412 xrl.
617 1355 866 1422 Gpmmuuistarom
879 1373 1044 1428 praecursor,
1056 1364 1187 1418 emineas
1197 1360 1248 1418 do·

127 1433 252 1488 minium.
263 1431 338 1488 Xlll.
352 1433 507 1502 Proprietas
521 1447 576 1488 non
591 1434 762 1507 systematiee
776 1431 900 1503 impetita
914 1432 987 1503 apud
1000 1429 1147 1496 Romanos:
1164 1452 1247 1507 quam

125 1522 210 1562 exosa
223 1507 309 1577 lexin
323 1506 488 1564 domesticas
502 1507 679 1564 hereditates.
690 1507 759 1565 XIV.
771 1508 840 1576 Quid
855 1508 931 1582 leges
944 1510 1077 1580 agrariae.
1087 1511 1143 1568 VX.
1157 1511 1248 1582 lmpe·

125 1579 211 1640 rantis
225 1583 346 1715 odgcium
368 1583 394 1638 in
407 1584 509 1641 tuenda
525 1584 703 1655 proprietate:
726 1583 753 1656 in
766 1599 849 1674 quam
868 1583 1031 1642 seditionum
1052 1600 1128 1642 arma
1142 1585 1246 1647 dudum

125 1666 256 1720 converte
276 1665 369 1716 antur.
1039 1673 1041 1678 ·

164 1853 175 1876 -·
213 1827 242 1890 1.
254 1824 459 1907 Quocumque
471 1829 650 1906 peruaserat
662 1823 796 1892 servitus
807 1823 978 1910 (universas
989 1830 1098 1892 autem
1110 1845 1247 1910 paganas

123 1920 233 1994 gentes
249 1912 451 1996 pervaserat),
470 1915 554 1978 nulla
570 1915 615 1978 ibi
633 1931 690 1978 noc
705 1915 873 1993 libertatis,
888 1933 946 1980 nec
961 1916 1167 1998 proprietatis
1182 1919 1248 1982 sirr-

121 2021 195 2068 cera
212 2004 303 2068 notio
319 2002 502 2068 habebatur.
517 2005 611 2084 Apud
626 2003 805 2070 Orientales
817 2005 1009 2088 imperantis
1020 2007 1198 2072 dominatio
1210 2010 1246 2073 in

123 2094 368 2175 proprietatem,
383 2092 741 2176 sleoerottcorprineeps
755 2094 843 2158 enim
858 2094 943 2168 uelut
955 2093 989 2158 in
1000 2089 1184 2162 Divinltatis
1195 2115 1246 2162 so·

124 2181 167 2246 lio
184 2182 384 2256 consederat,
408 2180 516 2245 omnia
535 2181 595 2266 sibi
610 2182 786 2265 possidens,
811 2201 863 2247 res
879 2189 912 2249 et
926 2201 1090 2272 personas.
1109 2183 1248 2271 Graece-

122 2289 194 2334 rum
210 2271 388 2336 dominatio
403 2275 472 2336 erat
482 2271 706 2352 philosophico,
712 2269 860 2352 'politica
868 2274 1089 2339 democratiam
1101 2291 1166 2348 pon
1179 2293 1246 2340 me·

123 2360 185 2424 lior
201 2366 321 2435 tamen,
339 2378 454 2443 quum,
462 2361 524 2425 etsi
538 2360 648 2443 populi
663 2362 805 2437 nomine,
823 2361 1003 2426 merissima
1018 2363 1245 2447 aphilosophis

121 2454 153 2514 ct
169 2448 428 2530 legumlatoribus
445 2449 479 2514 in
496 2450 689 2531 reipublicae
706 2451 903 2536 praepositos
923 2451 1124 2517 conferretur
1137 2461 1246 2520 aueto-

122 2537 359 2606 ritas.Dernum
367 2539 582 2605 Romanorum
598 2539 784 2621 respublica,
799 2558 841 2605 err
851 2539 977 2622 regibus
992 2546 1074 2618 orta,
1092 2543 1245 2626 quidquid

121 2631 204 2692 esset
224 2627 264 2691 de
281 2626 423 2704 nornine,
441 2623 692 2694 aristocraticam
706 2628 770 2695 vim
787 2634 882 2712 atque
896 2629 1061 2712 ingenium
1084 2649 1245 2714 nunquam

121 2716 313 2782 dimiserat:
401 2777 402 2782 ,
658 2749 663 2758 ·
718 2753 721 2758 -
785 2729 787 2738 ·
987 2741 992 2750 ’
1083 2739 1094 2776 ··

212 2807 257 2870 11.
274 2803 358 2872 Nam
370 2807 454 2888 apud
468 2807 643 2880 Romanos,
668 2807 773 2872 victor
787 2805 946 2873 exercitus
964 2809 1141 2885 collective,
1159 2809 1247 2875 duci·

121 2893 176 2958 bus
192 2895 302 2976 potius
316 2913 413 2977 quam
427 2896 501 2971 sibi,
516 2901 635 2963 terram
650 2900 869 2978 occupaverat.
882 2895 1005 2962 Deinde
1021 2917 1108 2975 vero,
1126 2901 1247 2965 Rorna-

124 2981 154 3046 lo
170 2988 299 3065 agente,
310 2983 430 3050 civibus
444 3003 517 3068 pars
533 2984 638 3070 aliqua
653 2985 845 3066 contigerat,
860 3003 955 3067 quam
971 3004 1034 3051 non
1049 3005 1105 3051 suo
1122 2989 1175 3053 sed
1186 2988 1247 3054 Cu-

123 3072 190 3136 riae
207 3073 339 3137 nomine
357 3080 390 3140 et
405 3074 631 3140 commuuione
645 3073 811 3139 haberent.
828 3076 981 3149 Tandem,
998 3077 1110 3144 *Numa
1126 3079 1247 3142 uiritim

121 3153 257 3242 singulis
272 3160 381 3239 divisit
395 3162 437 3248 1).
447 3163 525 3232 Nori
536 3161 669 3247 populus
684 3163 791 3246 itaque
805 3163 860 3228 sed
875 3164 941 3247 ipse
952 3165 1057 3232 Numa
1072 3165 1193 3241 divisit,
1211 3185 1246 3231 a·
1306 3170 1328 3246 ll
1354 3172 1433 3246 Cle,
1458 3173 1494 3230 de

121 3266 196 3331 gros
212 3250 368 3316 limitibus
383 3251 540 3326 delinivit,
558 3251 767 3330 hereditarios
782 3252 872 3327 fecit,
893 3249 1152 3340 singulorumque
1170 3275 1245 3339 pra-
1268 3249 1351 3323 Reli,
1368 3249 1416 3328 ¹¹¹,
1434 3251 1479 3320 ll·

122 3338 276 3420 prietates
283 3341 341 3404 sub
348 3341 504 3407 eminenti
516 3343 647 3425 imperii
658 3342 804 3407 dominio
816 3343 1083 3417 coustituitllinc
1097 3346 1241 3423 illemos,
1536 3351 1538 3356 '

121 3447 184 3510 quo
202 3430 475 3512 lmpcrii'actione
490 3436 522 3496 et
538 3432 753 3507 concessione,
776 3432 917 3513 singulae
932 3432 1069 3497 dominii
1086 3435 1245 3502 traslatio-

123 3535 178 3581 nes
195 3519 648 3602 confirmabantur,‘novisque
661 3520 802 3585 dominis
817 3521 920 3586 civilis
936 3522 983 3587 rei
998 3525 1153 3602 possessio
1168 3543 1245 3590 oon·

122 3606 296 3672 ferebatur.
315 3608 378 3674 Sed
391 3610 606 3675 Romanorum
621 3611 781 3692 posterior
796 3610 1057 3693 iurisprudeutia,
1073 3612 1147 3678 licet
1159 3615 1192 3678 in
1204 3615 1245 3679 iis

120 3713 203 3778 quae
212 3691 420 3778 proprietatis
430 3699 672 3765 translationem
687 3703 843 3782 spectant,
856 3701 988 3766 molesta
1003 3706 1097 3786 atque
1112 3703 1245 3769 intrica-

121 3781 477 3869 tissima310ngetamcn
487 3789 997 3872 inproprietatisiureassercndo,
1009 3790 1243 3874 liberiorquam

121 3889 249 3954 graeca.
273 3877 441 3942 Familiam
457 3878 543 3942 enim
559 3883 591 3943 et
605 3879 744 3960 patriam
760 3884 951 3960 potestatem
966 3879 1041 3943 dum
1056 3879 1126 3962 plus
1142 3899 1243 3966 mque

121 3967 415 4048 veneratur,rninus
426 3967 539 4049 cupide
550 3967 723 4033 domestica
735 3969 774 4032 ad
785 3987 818 4032 se
830 3969 898 4032 iura
906 3967 1094 4049 pertrahere
1108 3971 1245 4034 conaba-

121 4055 187 4116 tur.
212 4053 265 4116 lus
281 4053 382 4136 igitur
396 4056 593 4138 singulorum
609 4063 817 4140 processerat,
839 4059 971 4123 vinculis
984 4073 1065 4142 quae
1080 4058 1128 4124 illi
1140 4058 1245 4126 Grae-

120 4137 169 4202 cia
184 4140 409 4220 contexuerat,
428 4146 512 4226 apu'd
527 4149 687 4212 Romanos
702 4165 735 4212 se
751 4147 784 4211 in
800 4147 867 4212 dies
883 4149 1057 4226 exsolvens.
1072 4145 1180 4232 Longo
1198 4156 1245 4214 ta-

121 4246 194 4294 mon
209 4230 318 4306 labore
329 4251 461 4298 romana
478 4235 727 4318 iurisprudeutia
744 4236 782 4300 ad
796 4237 972 4301 naturalem
988 4239 1242 4303 convertebatur:

120 4335 201 4398 quae
216 4325 381 4387 conversio
398 4323 537 4390 breviter
552 4325 643 4390 nobis
657 4331 705 4391 est
720 4326 973 4408 perstringenda,
988 4343 1027 4392 eo
1043 4326 1245 4392 velmaxime

119 4407 205 4488 quod
226 4413 327 4476 nostri
347 4413 446 4478 adhuc
461 4414 680 4491 iureconsulti,
706 4415 846 4480 romanis
864 4416 982 4498 legibus
995 4417 1063 4499 plus
1079 4431 1179 4498 aequo
1194 4416 1245 4478 in-

119 4495 298 4654 dulgentes,
307 4499 440 4584 Imperii
457 4505 503 4572 vel
516 4503 622 4590 Status
634 4505 755 4570 iuribus
770 4506 994 4588 exaggerandis
1008 4503 1144 4568 nimium
1157 4504 1245 4567 incu-

140 4601 230 4652 ucrrn
253 4637 260 4652 .

1008 4683 1047 4744 18
