3238 5282
418 303 483 370 178
858 321 958 370 xrrsn
969 322 1003 370 ιι.
1020 333 1031 374 .-

365 469 520 550 placitum
532 473 567 534 de
580 489 614 534 re
626 471 732 534 danda
744 470 792 536 uel
804 470 1143 552 [circumdaremur.
1159 468 1338 536 cumdem
1353 477 1492 550 tamum,

369 557 1064 643 orleteilemquoqueobligationcmparlcns.
1105 619 1109 628 ,

456 647 517 714 111.
532 647 694 729 obligatio
712 647 852 715 estiuris
866 646 1037 720 vinculum,
1048 664 1161 728 quuex
1172 645 1241 728 lege
1260 650 1397 714 naturali
1412 668 1498 716 sem-

368 754 436 819 per,
451 737 551 803 etiam
566 737 600 801 in
614 736 769 813 minimis;
791 737 825 801 in
837 735 1046 819 peculiaribus
1063 753 1139 804 vero
1150 737 1285 810 casibus,
1307 738 1495 806 societatem

368 826 458 893 valde
471 826 692 903 afficientibus,
710 827 831 908 exlege
846 823 1055 902 etiamcivili,
1075 825 1113 890 ad
1125 826 1311 890 servandam
1326 826 1423 894 iidem
1441 831 1499 894 ad-

367 915 568 996 stringimur.
595 914 700 1000 Quum
715 915 803 980 enim
819 932 883 980 non
899 913 1004 980 omnis
1019 913 1118 980 lerret
1140 915 1248 978 omnia
1265 915 1370 992 tellus,
1393 936 1498 1000 neque

367 1003 515 1070 omnibus
530 1003 648 1085 singuli
663 1005 784 1070 artibus
795 1005 843 1068 uti
856 1004 972 1070 vellent
987 1007 1042 1068 aut
1053 1002 1206 1078 valerent3
1215 1004 1269 1068 sed
1283 1022 1339 1070 nec
1351 1006 1416 1070 ulla
1427 1026 1499 1072 om·

368 1094 459 1158 nium
477 1092 621 1169 societas,
638 1093 708 1158 sine
718 1094 837 1161 mutuis
853 1092 1060 1164 relationibus
1076 1096 1169 1174 atque
1187 1093 1409 1173 sponsionibus
1423 1113 1499 1160 eoa-

369 1181 512 1257 leseeret;
528 1186 631 1266 pacta,
646 1182 759 1265 quibus
769 1183 834 1246 iam
846 1181 947 1246 terme
958 1185 1027 1247 tota
1039 1185 1181 1246 versatur
1199 1188 1232 1246 et
1251 1186 1315 1248 stat
1326 1183 1498 1249 bominum

366 1271 515 1345 societas,
528 1289 568 1336 ex
580 1272 718 1336 naturali
727 1273 796 1337 iure
804 1270 962 1352 descripta
970 1271 1057 1344 sunt,
1066 1270 1155 1334 cuius
1168 1269 1293 1335 vinculo
1303 1274 1500 1353 paciscentes

367 1359 611 1430 revincirentur.
627 1360 723 1427 Pacta
739 1361 850 1444 igitur,
867 1377 1040 1441 eorumque
1055 1358 1210 1440 obligatio
1227 1379 1268 1424 cx
1284 1365 1414 1427 naturae
1431 1380 1501 1427 ma-

367 1449 500 1532 gislerio
512 1449 667 1533 prolecta,
686 1450 900 1533 apertioribus
912 1449 1026 1514 deinde
1042 1447 1186 1512 civilium
1197 1453 1391 1516 statutorum
1403 1453 1502 1517 docu-

367 1537 484 1604 mentis
500 1540 658 1604 declarata
674 1555 711 1604 ac
726 1539 865 1615 firmata,
880 1538 963 1620 cives
974 1555 1046 1602 cum
1061 1537 1195 1612 civibus,
1209 1543 1319 1620 gentes
1334 1558 1406 1605 cum
1424 1559 1503 1622 gen·

286 1667 291 1682 ·
368 1628 465 1700 tibus,
480 1627 672 1711 imperantes
688 1627 761 1694 culn
780 1627 1022 1709 imperantibus,
1037 1630 1205 1710 utramque
1224 1627 1338 1706 deinde
1359 1635 1503 1711 potesta·

367 1717 859 1800 temmmlesiametlmperium,
871 1718 905 1782 in
916 1716 1023 1782 mixtis
1034 1716 1221 1799 quandoque
1229 1716 1418 1800 disciplinis,
1431 1718 1504 1800 pul-

367 1805 526 1870 cherrima
543 1807 628 1873 vitae
642 1807 880 1884 consuetudine,
898 1807 1023 1880 ordine,
1042 1809 1075 1870 et
1089 1810 1200 1872 mutuo
1216 1805 1360 1870 omnium
1376 1808 1505 1873 adiuto-

367 1895 419 1959 rio
434 1896 707 1960 consociaverunt.
718 1897 809 1961 Adeo
825 1901 872 1969 ut,
891 1913 930 1959 ex
945 1894 1131 1968 Aristotele,
1149 1894 1268 1960 sublata
1283 1900 1451 1978 pactorum
1469 1915 1506 1960 o-

368 1983 555 2065 bligatione,
574 1985 640 2048 iam
659 1983 793 2050 societas
813 1990 847 2049 et
866 2003 937 2048 usus
948 1983 1117 2048 hominum
1132 1984 1304 2060 auferatur3
1322 2005 1339 2044 a
1357 1991 1390 2050 et
1406 1986 1507 2067 perli-

148 2080 171 2152 ll
196 2081 268 2152 tie,
293 2094 350 2155 pra
369 2073 494 2151 diosum
507 2078 539 2137 et
552 2072 709 2137 netarium
721 2078 769 2139 est
780 2074 873 2138 tidem
886 2073 1045 2154 frangere,
1062 2089 1143 2154 quae
1155 2073 1299 2138 continet
1315 2074 1416 2139 vitam
1427 2072 1470 2157 1);
1487 2098 1505 2136 n

125 2159 227 2214 ΜΟ
240 2171 334 2214 amer·
371 2165 404 2228 et
418 2160 589 2242 sapienter,
604 2161 642 2226 ex
658 2162 812 2246 Dionysio
820 2162 1072 2237 Halicarnasson,
1090 2162 1208 2226 iussum
1220 2179 1238 2224 a
1249 2161 1367 2236 Numa,
1386 2168 1422 2228 ut
1437 2181 1507 2234 om·

374 2269 431 2316 nes
444 2249 535 2315 Fidei
550 2268 624 2314 arae
634 2251 781 2317 litarent.
790 2253 930 2334 Tamque
946 2267 1139 2332 magnares,
1157 2250 1231 2316 data
1245 2251 1342 2316 semel
1360 2251 1449 2324 lides,
1469 2259 1505 2318 ut

375 2339 539 2405 maiestate
555 2340 743 2421 imperantis
758 2340 854 2422 digna
866 2340 1020 2405 habeatur
1036 2339 1092 2403 illa
1102 2337 1246 2406 Carolill
1259 2357 1332 2404 vox:
1348 2359 1366 2400 ι
1380 2339 1510 2406 Silides

374 2430 498 2495 exclusa
514 2429 632 2512 popelli
651 2430 744 2505 casis,
763 2447 1014 2513 magnorumque
1030 2429 1172 2502 aedibus,
1190 2433 1260 2493 tota
1282 2433 1367 2493 terra
1384 2430 1504 2504 exalet,

374 2537 484 2601 regum
496 2518 621 2600 palatiis
632 2519 734 2602 excipi
747 2525 910 2600 oportere,
924 2517 1104 2599 servarique
1117 2517 1322 2592 incolumem,
1334 2517 1443 2600 ibique
1454 2537 1511 2584 suo

375 2608 474 2674 veluti
490 2607 524 2670 in
541 2607 659 2690 templo
672 2607 783 2673 locari.
793 2607 914 2673 »Fides
929 2608 1037 2690 itaque
1051 2604 1202 2670 servanda
1217 2605 1283 2691 sive
1295 2605 1330 2669 in
1342 2607 1445 2688 pactis
1461 2609 1510 2674 vel

373 2695 570 2771 tractatibus,
583 2696 631 2761 vel
643 2696 917 2771 conventionibus,
929 2695 977 2761 vel
988 2694 1190 2760 concordatis
1205 2692 1450 2777 imperantium,
1459 2714 1511 2762 ae-

374 2803 436 2868 que
451 2803 488 2851 ae
504 2785 538 2849 in
554 2786 769 2851 contractibus
784 2786 994 2868 privatorum.

464 2874 521 2940 Vl.
540 2876 706 2956 Aequitas,
725 2880 763 2941 ut
785 2874 1017 2957 inquiebamus,
1036 2872 1295 2940 contrabentium
1306 2876 1458 2954 personis
1478 2880 1509 2938 et

377 2964 471 3029 rebus
486 2965 685 3029 continetur.

467 3054 553 3119 Haeo
569 3054 602 3117 in
620 3053 765 3134 personis
781 3053 1000 3136 requiruntur.
1017 3053 1049 3118 1.
1064 3053 1119 3120 Sui
1132 3050 1210 3116 iuris
1225 3051 1291 3116 sint
1306 3053 1411 3134 quoad
1424 3053 1508 3136 pacti

378 3143 559 3216 materiam,
583 3159 622 3206 ne
638 3142 775 3209 illicitus
791 3145 838 3207 vel
855 3142 965 3208 irritus
986 3144 1042 3209 fiat
1057 3147 1253 3207 contractus.
1276 3139 1396 3207 illicita
1412 3147 1509 3224 atquc

377 3233 506 3297 inllrma
516 3237 590 3296 sunt
601 3231 701 3314 igitur
711 3232 780 3298 iure
790 3232 927 3297 naturali
940 3227 1079 3297 filiorum
1091 3231 1262 3316 sponsalia,
1273 3236 1386 3295 corrtra
1396 3249 1514 3312 paren-

378 3326 448 3386 tum
471 3322 681 3396 voluntatem,
701 3322 735 3386 in
751 3321 950 3405 quorum'illi
965 3326 1121 3405 potestate
1143 3320 1382 3385 constituuntur
1407 3320 1512 3404 quoad

378 3411 576 3476 reverentiae
588 3411 690 3476 officia
700 3411 745 3476 eis
755 3411 941 3486 adhibenda;
950 3415 1023 3474 sunt
1035 3428 1109 3475 vero
1122 3408 1247 3484 illicita,
1260 3409 1314 3472 sed
1329 3409 1433 3472 valida
1446 3425 1514 3472 ma-

381 3499 545 3573 trimonia,
564 3516 637 3562 cum
652 3519 782 3565 suorum
797 3517 970 3584 corporum
986 3500 1122 3564 habeant
1137 3501 1344 3580 potestatem.
1356 3497 1390 3561 2.
1405 3497 1512 3577 Quum

380 3587 522 3652 dominia
538 3589 781 3654 rationabilibus
796 3589 913 3654 animis
927 3588 1099 3664 insideant,
1113 3605 1171 3651 nec
1185 3587 1254 3652 sine
1266 3585 1368 3650 animi
1382 3587 1514 3651 decreto

382 3676 627 3751 transferantur:
642 3695 810 3744 consensus
826 3677 1011 3760 requiritur,
1026 3677 1107 3741 liber
1121 3694 1161 3740 ex
1174 3679 1268 3758 parta
1281 3675 1466 3741 intellectus
1478 3675 1515 3738 ab

382 3782 490 3828 errore
506 3770 539 3829 et
553 3767 635 3843 dolo,
655 3773 798 3850 exparte
815 3768 988 3833 voluntatis
1004 3785 1022 3831 a
1037 3773 1122 3830 metu
1137 3770 1170 3831 et
1184 3765 1347 3829 uiolentia.
1364 3763 1515 3843 Quatuor

384 3853 461 3918 haec
475 3855 524 3918 vel
535 3854 620 3919 circ'a
629 3856 849 3921 substantialia
857 3861 1033 3931 versantur,
1042 3872 1122 3937 quae
1137 3871 1251 3936 nempe
1263 3852 1310 3918 rei
1319 3858 1433 3935 pactae
1442 3853 1515 3917 sub

383 3943 536 4008 stantiam
551 3945 764 4019 constituunt,
785 3947 832 4010 vel
848 3947 932 4010 circa
948 3943 1168 4011 occidentalia.

475 4032 518 4100 V.
532 4033 675 4112 Quilibet
690 4052 782 4099 error
797 4035 1004 4100 substantium
1022 4034 1070 4099 ret
1088 4034 1237 4115 officiens,
1251 4030 1317 4094 sive
1329 4048 1370 4095 ex
1382 4030 1514 4114 propria

386 4122 589 4204 ignoratione
602 4124 649 4188 vel
662 4123 954 4206 simplicitate‚sive
966 4123 1098 4188 alterius
1107 4121 1259 4204 cuiusque
1268 4119 1342 4184 dolo
1355 4121 1512 4202 ingestus,

386 4211 513 4276 irritum
523 4212 1054 4280 faciteontractum:errantisenim
1065 4209 1223 4276 nullus'est
1232 4210 1515 4290 consensusoua·

283 4318 284 4331 ¹
385 4319 420 4364 re
434 4301 461 4365 si
477 4300 773 4384 egoCornelianum
789 4321 894 4368 emere
910 4301 1053 4388 lundum,
1065 4307 1100 4376 lu
1111 4297 1382 4390 Sempronianum
1398 4299 1515 4363 vende·

386 4408 420 4455 re
436 4391 567 4474 putasti;
583 4390 631 4454 rel
643 4391 672 4456 si
684 4390 800 4457 vitrum
818 4409 876 4473 pro
892 4409 1030 4473 gemma;
1045 4390 1094 4454 vel
1105 4392 1294 4471 corruptum
1309 4387 1513 4452 frumentum

385 4497 443 4560 pro
459 4497 549 4554 sano:
568 4498 665 4560 quum
682 4479 715 4542 in
733 4482 779 4544 rei
795 4480 972 4545 substantia
988 4483 1128 4547 erratum
1144 4478 1198 4553 sit,
1218 4477 1303 4541 nulla
1319 4477 1385 4541 erit
1404 4475 1515 4540 vendi-

385 4568 581 4636 tio.Nullam
597 4567 680 4644 dico,
690 4569 755 4634 sive
771 4569 860 4634 dolus
874 4569 912 4633 ab
929 4568 1029 4633 altero
1044 4567 1285 4649 paciscentium,
1300 4565 1366 4631 sive
1381 4582 1398 4628 a
1414 4565 1515 4629 tertio
