3224 5282
420 301 483 366 112
862 317 1008 368 uvaruu.

462 462 523 528 lll.
541 461 602 527 bet
616 465 723 534 autem
738 463 895 533 voluntati
908 462 1039 530 accessit
1052 459 1191 528 hominis
1206 460 1337 537 iactum,
1357 477 1420 542 quo
1436 458 1495 524 bo-

375 571 427 617 mo
444 551 639 616 materialem
658 556 803 626 naturam
824 553 996 633 attingens,
1014 550 1211 634 propositam
1231 550 1293 616 sibi
1312 549 1495 630 ingreditur

374 640 615 725 proprietatem.
631 640 727 715 Nam,
749 641 827 705 siin
844 640 1035 722 primigenia
1050 643 1180 706 naturae
1196 639 1374 704 innocentis
1392 639 1494 702 beati-

374 730 496 802 tudine,
515 729 583 792 iura
599 727 742 795 terebant
754 734 790 795 ut
801 747 881 811 quae
895 729 1105 812 unusquisque
1117 728 1317 802 excoluisset,
1335 727 1376 790 iis
1387 725 1495 790 dorni-

376 821 518 882 nareturs
534 832 553 881 a
568 815 696 882 fortiori
708 834 793 892 curu,
807 819 842 883 iu
856 817 970 882 sudore
981 817 1095 892 vultus,
1109 821 1196 883 terra
1208 816 1292 881 loret
1304 814 1489 896 subigenda.

377 904 593 988 Occupatioue
604 903 703 986 igitur
713 913 747 971 et
762 905 881 981 labore,
892 905 962 972 iura
973 923 1078 972 meros
1086 905 1266 985 comoedutis
1279 908 1445 969 transeunt
1457 903 1494 966 in

376 997 445 1060 iura
457 993 674 1074 proprietatis·
688 1011 839 1084 quaeque¹
853 993 999 1060 omuibus
1014 997 1107 1059 erant
1129 995 1304 1076 proposita,
1318 991 1388 1057 iura
1410 990 1496 1056 ucci-

378 1084 471 1166 piunt
485 1081 613 1147 delinita
628 1098 665 1146 ac
682 1083 898 1165 particularia.

465 1170 525 1235 IV.
539 1169 573 1236 Si
584 1169 644 1235 duo
654 1170 731 1236 baec
742 1171 781 1236 ud
793 1171 964 1237 ineundam
973 1169 1205 1254 proprietatem
1213 1168 1432 1251 requiruntur,
1445 1169 1497 1232 ius

379 1277 493 1341 nempe
508 1258 700 1338 capacitatis,
725 1259 791 1324 sive
806 1259 855 1325 ius
870 1261 913 1326 od
926 1275 1006 1339 rem,
1023 1257 1107 1343 quod
1122 1263 1170 1325 est
1184 1255 1372 1332 universale,
1392 1262 1427 1322 et
1440 1258 1497 1339 [a-

379 1356 462 1412 ctum
476 1347 687 1429 occupationis
701 1347 766 1414 sive
776 1349 993 1430 possessionis,
1010 1348 1096 1430 quod
1110 1351 1158 1412 est
1172 1345 1374 1431 particulare;
1387 1348 1497 1428 sequi-

378 1442 443 1512 tur,
466 1435 515 1500 ius
537 1434 743 1519 proprietatis
763 1437 934 1520 dupliciter
949 1454 967 1501 a
982 1441 1095 1503 natura
1117 1432 1290 1522 proticisci:
1315 1435 1497 1500 immediate

378 1523 481 1608 quoad
495 1523 544 1589 ius
561 1528 593 1592 et
606 1525 813 1607 capacitatem
829 1543 866 1592 ea
882 1525 1060 1609 possidendi
1084 1541 1164 1606 quae
1177 1523 1318 1597 noudum
1333 1522 1405 1586 iura
1421 1540 1497 1604 pro-

380 1614 528 1698 prietatis
542 1613 715 1694 singularia
729 1616 936 1697 susceperint3
953 1615 1084 1682 modiola
1100 1611 1321 1690 verosscilieet
1334 1611 1499 1677 mediante

380 1703 464 1768 iacto
480 1701 682 1784 particularis
696 1703 925 1787 occupationis,
943 1721 1007 1786 quo
1022 1703 1072 1769 ius
1084 1702 1272 1788 capacitatis
1285 1700 1450 1784 perficitur
1462 1700 1497 1764 iu

380 1791 458 1858 reali
473 1797 506 1857 et
521 1791 664 1856 absoluto
680 1791 749 1856 iure
763 1792 983 1876 proprietatis.

468 1879 509 1945 V.
518 1881 578 1947 Sed
590 1897 652 1944 non
661 1881 746 1945 bruti
758 1882 857 1946 instar
868 1882 977 1946 borno.
987 1879 1164 1958 llludeniur
1171 1879 1309 1944 fructum
1321 1893 1416 1962 quem
1430 1895 1497 1940 non

380 1967 591 2034 seminaverat
613 1966 754 2054 decerpit
769 1987 806 2036 ac
822 1971 950 2046 transit,
968 1970 1050 2036 nibil
1064 1971 1098 2034 in
1113 1974 1275 2056 posterum
1297 1966 1497 2052 praevidens.

379 2057 484 2122 Homo
499 2075 517 2120 e
533 2059 643 2122 contra
659 2062 778 2124 terram
792 2058 906 2125 sudore
929 2058 1074 2142 irrigavit
1091 2063 1124 2122 et
1139 2057 1229 2133 aluit,
1246 2055 1446 2122 feracitatem
1462 2070 1500 2120 ac

382 2145 572 2210 nobiliorem
583 2144 686 2210 eidem
702 2149 905 2214 existentiam
920 2148 1067 2214 contulit.
1085 2145 1173 2226 Quot
1187 2151 1319 2220 sumtus,
1333 2148 1414 2226 quot
1430 2143 1501 2206 ani-

376 2235 427 2298 mi
443 2233 647 2317 corporisque
663 2234 852 2312 anxietates,
867 2242 902 2302 ut
916 2241 984 2301 sata
995 2234 1205 2319 perducantur
1216 2235 1256 2298 ad
1267 2228 1422 2314 segetem!
1435 2231 1498 2307 En,

381 2329 467 2390 terra
482 2340 563 2405 quae
577 2327 702 2387 mortua
718 2323 852 2402 iacebat,
869 2325 1002 2391 tribulos
1016 2342 1053 2390 ac
1067 2324 1174 2405 spinas
1195 2322 1373 2405 proterens,
1393 2319 1503 2384 labore

381 2411 555 2488 reviviscit,
577 2428 696 2494 suoque
711 2413 836 2489 cultori,
854 2413 952 2480 veluti
967 2412 1161 2479 benefactori
1176 2429 1213 2476 ac
1227 2409 1353 2494 parenti
1369 2407 1503 2488 copula-

381 2505 445 2565 tur.
455 2501 540 2582 Ergo
555 2513 626 2564 eam
641 2501 702 2564 sibi
714 2503 947 2585 quodammodo
962 2501 1148 2568 assimilavit
1162 2505 1196 2565 et
1207 2502 1439 2582 permanenter
1451 2514 1502 2560 ac-

381 2589 523 2670 quisivit.
540 2589 610 2654 lmo
625 2588 805 2657 insumendi
821 2591 943 2658 labores
958 2594 1074 2658 acuunt
1089 2588 1253 2672 ingenium
1264 2592 1297 2662 et
1310 2586 1502 2652 aemulatio·

382 2693 467 2756 uem,
484 2681 616 2765 canente
630 2676 780 2760 Virgilio:

996 2768 1079 2824 Pater
1092 2765 1149 2838 ipse
1163 2762 1269 2823 colendi

530 2837 605 2896 liaud
619 2837 726 2898 lucilem
739 2856 799 2898 esso
814 2842 882 2899 viam
895 2842 992 2916 voluit3
1007 2843 1166 2915 primusque
1179 2855 1231 2912 per
1243 2844 1331 2897 artem

154 2908 176 2978 li
189 2908 319 2986 Georgi,
329 2913 357 2986 8,
530 2913 611 2971 blovit
624 2929 717 2991 agros,
733 2918 808 2974 curis
823 2932 926 2976 acuens
939 2916 1064 2975 mortalia
1078 2916 1161 2975 cordo
1178 2915 1213 2988 ll.

135 2987 269 3043 ¹²¹'¹²³'
378 3020 465 3104 Ergo
480 3018 683 3101 proprietatis
698 3021 910 3088 constantiam
925 3040 961 3089 ac
973 3021 1207 3106 perennitatem
1218 3021 1281 3086 duo
1292 3020 1326 3083 in
1340 3024 1412 3089 tuto
1425 3042 1501 3090 con-

379 3111 529 3177 stituunt:
546 3109 577 3174 1.
592 3108 769 3194 insumptus
785 3112 887 3187 labor,
904 3116 1070 3193 terraeque
1084 3111 1237 3187 insideus;
1252 3111 1286 3174 2.
1299 3109 1444 3177 hominis
1455 3114 1501 3178 vi-

378 3205 423 3275 ta,
443 3216 565 3264 necnon
582 3198 753 3265 domestica
768 3205 801 3266 et
812 3200 914 3265 civilis
930 3200 1135 3278 consuetudo,
1150 3217 1230 3282 quae
1244 3198 1313 3264 sine
1329 3199 1457 3282 integra
1468 3206 1501 3265 et

379 3289 520 3354 absoluta
532 3305 690 3370 possessae
701 3288 750 3356 rei
759 3289 1006 3372 perseverantia,
1016 3289 1070 3356 vix
1081 3289 1264 3365 consistere,
1275 3305 1311 3356 ac
1323 3294 1412 3356 certe
1427 3307 1502 3370 per·

379 3377 430 3444 iici
448 3394 512 3442 nou
529 3382 666 3459 possent.
882 3381 883 3384 ’
1121 3426 1123 3430 -

467 3465 525 3532 Vl.
544 3463 629 3544 Quid
643 3465 670 3528 si
684 3466 750 3530 sula
764 3465 945 3548 occupatio,
960 3464 1124 3548 nullusque
1138 3465 1228 3530 labor
1242 3465 1478 3532 intercesserit?

466 3553 534 3618 Hoc
547 3554 690 3618 naturale
706 3554 754 3618 ius
765 3572 834 3618 rem
850 3555 1023 3637 occupandi
1039 3572 1118 3636 quae
1128 3555 1223 3620 ullius
1238 3556 1381 3620 nondum
1397 3573 1502 3621 siuce-

382 3641 467 3723 perit
481 3641 726 3722 proprietatem,
744 3649 838 3724 atque
852 3642 1018 3709 indefinite
1032 3644 1226 3727 possidendi,
1250 3644 1378 3709 etiamsi
1395 3644 1500 3708 nullus

361 3729 546 3818 ‘aliquaudo
561 3729 649 3793 labor
660 3731 887 3807 intercesserit,
898 3733 1055 3798 sentit-vel
1065 3735 1162 3798 bomo
1175 3733 1209 3800 iu
1218 3733 1313 3816 sylvis
1324 3735 1497 3810 enutritus,

329 3823 330 3826 ’
379 3818 434 3900 qui
449 3835 532 3893 aves,
550 3819 661 3900 pisces,
679 3821 821 3895 metalla,
841 3821 964 3902 aliaque
980 3822 1094 3886 nullius
1110 3821 1211 3886 adhuc
1226 3822 1379 3902 potestati
1395 3824 1500 3886 subie-

379 3911 441 3983 cta,
452 3907 560 3972 statim
575 3911 611 3972 ut
625 3926 680 3973 sua
695 3908 757 3972 sibi
772 3908 879 3985 babet,
891 3927 927 3973 ac
938 3927 998 3990 pro
1015 3911 1110 3977 libitu
1124 3911 1257 3976 insumit
1272 3910 1325 3974 vel
1333 3910 1498 3976 distrahit.

378 3995 482 4062 Sentit
497 3995 678 4078 inians,·qui
693 4015 748 4064 suo
764 3999 833 4063 iure
849 3997 960 4078 fretus,
973 3998 1174 4064 advenientes
1188 3998 1337 4064 excludit.
1349 3999 1501 4067 sentiunt

377 4083 463 4148 ierac
478 4085 513 4148 iu
532 4092 714 4167 comparata
729 4086 790 4152 sibi
805 4085 931 4169 suisque
945 4087 1109 4163 alimenta,
1121 4093 1214 4170 atque
1225 4105 1243 4151 a
1254 4089 1331 4152 locis
1344 4088 1402 4152 ubi
1418 4087 1500 4152 aliae

378 4171 487 4240 nidum
503 4174 679 4257 posuerint,
689 4180 801 4258 sponte
816 4176 1007 4240 recedentes.
1017 4179 1046 4240 Α
1058 4176 1211 4242 formicae
1227 4176 1384 4252 industria
1399 4195 1501 4258 usque

377 4259 416 4324 ad
432 4279 509 4343 opus
523 4261 656 4327 Phidiae
676 4265 723 4328 vel
737 4264 868 4347 Apellis,
892 4263 970 4327 baec
985 4269 1116 4330 naturae
1139 4265 1189 4330 lex
1205 4265 1342 4340 obtinet,
1366 4270 1501 4346 atquae

376 4347 437 4504 {ibli
456 4349 588 4434 quisque
608 4352 815 4435 occupatione
837 4352 885 4418 vel
901 4352 1030 4433 ingenio
1043 4353 1288 4435 comparaverit,
1305 4357 1342 4417 ut
1366 4369 1423 4416 sua
1439 4353 1501 4417 sibi

399 4444 502 4506 aeat.
1496 4439 1500 4446 '

463 4528 538 4597 Vll.
551 4527 603 4596 Sic
618 4527 792 4612 incipiebat
807 4528 974 4609 possessio,
985 4532 1116 4596 naturae
1131 4530 1226 4596 ductu
1242 4533 1275 4596 et
1286 4529 1442 4612 cuiusque
1454 4529 1502 4595 ia-
