3224 5282
421 306 487 378 iit
859 325 1005 378 ursan.

464 473 525 542 Xl.
541 472 695 542 strictior
708 471 810 540 adbuc
824 474 910 539 ratio
924 477 1031 541 tuetur
1046 471 1237 542 familiarem
1251 475 1493 546 successionem

376 579 457 648 quaa
473 567 523 631 ast
535 563 739 648 proprietatis
753 563 914 630 devolutis
929 561 969 628 ad
991 563 1074 629 lilios
1093 565 1142 632 vel
1165 564 1365 643 coniunctos,
1382 569 1496 650 quibus

375 651 606 737 paterfamilias
620 653 669 718 vel
683 652 812 719 donavit
828 653 946 726 vivens,
969 653 1019 718 vel
1041 654 1177 719 donasse
1188 661 1346 722 censetur.
1363 658 1497 740 Insuper

375 743 529 808 suoeeseio
545 741 635 818 baec,
653 742 853 830 potissimum
869 757 905 806 ac
919 743 1131 808 nmumrium
1142 748 1190 808 est
1200 743 1278 809 imis
1290 746 1498 827 proprietatis

375 831 503 913 eiusque
517 832 745 898 immanentiae
759 831 974 897 corollarium.
989 831 1070 897 Nam
1086 832 1219 906 lumilia,
1234 851 1295 896 una
1312 835 1499 902 aestimatur

376 936 511 1005 persone
525 937 597 986 cum
613 925 713 1004 patre:
731 921 801 1001 ipsa
816 937 889 984 cunr
904 923 994 1000 patre
1004 921 1151 1000 possedit,
1164 921 1255 996 sevit,
1269 923 1436 1004 plantavit,
1448 925 1499 991 in-

376 1009 471 1093 genio
487 1010 536 1090 rel
548 1010 659 1076 labore
674 1009 775 1074 aurit.
788 1007 944 1074 Familiae
953 1025 1033 1072 nnus
1044 1026 1147 1086 amor,
1160 1027 1221 1075 nna
1233 1011 1386 1088 voluntas,
1396 1031 1498 1080 ιιιιιιιιι

376 1099 437 1165 ius.
454 1098 523 1163 lioc
539 1104 651 1164 natura
665 1098 784 1172 docnt,
798 1096 932 1174 societas
942 1096 1090 1163 firmavit.

466 1187 544 1274 llll.
560 1191 682 1257 Natura
698 1187 818 1253 docuit.
837 1186 941 1266 Quum
956 1185 1042 1250 enim
1054 1185 1195 1252 familiae
1205 1188 1394 1255 constitutio
1404 1191 1448 1256 sit
1459 1208 1500 1257 ex

377 1281 551 1360 praecepto·
561 1283 594 1343 et
610 1277 795 1342 necessitate
810 1280 953 1348 naturae,
967 1291 1008 1339 ex
1021 1277 1132 1340 eodem
1144 1294 1267 1359 quopue
1278 1284 1447 1362 praecepto
1460 1297 1499 1344 ea

377 1365 478 1432 iluunt
489 1367 666 1450 quasillum
677 1365 937 1430 coniunctionem
951 1362 999 1431 vel
1011 1359 1119 1431 iuvent
1130 1365 1179 1430 rel
1189 1366 1400 1434 constituunt.
1410 1369 1499 1434 llaec

376 1459 483 1520 autem
499 1455 561 1520 duo
576 1460 661 1521 sunt:
678 1454 856 1519 eommunis
871 1470 975 1528 amor3
991 1452 1107 1518 deinde
1117 1454 1329 1519 communitas
1343 1458 1498 1538 quaedam

376 1542 545 1609 bonorum.
564 1544 626 1625 Qui
639 1561 702 1608 non
719 1542 837 1608 sentiat
852 1547 969 1623 quanta
985 1541 1030 1606 vis
1046 1558 1082 1607 ac
1103 1543 1232 1608 dulcedo
1248 1543 1382 1610 liliosae
1399 1563 1499 1627 nepo-

256 1651 258 1658 ·
338 1677 341 1682 -
376 1635 424 1697 tes
440 1631 517 1715 liget
532 1632 674 1715 patonis
687 1631 833 1698 domibus
849 1630 898 1695 vel
913 1631 1009 1714 agris,
1019 1649 1143 1716 quoquae
1156 1633 1260 1697 siradio
1284 1637 1316 1698 et
1331 1633 1443 1698 ardore
1459 1652 1498 1700 ea

376 1721 495 1796 colant,
513 1728 638 1788 servent
654 1738 690 1786 ac
705 1725 865 1795 tueantur;
882 1719 943 1784 iste
965 1738 1067 1802 neque
1085 1721 1182 1785 bomo
1198 1721 1368 1796 videretur,
1395 1741 1499 1806 neque

377 1814 459 1875 esset
476 1807 528 1896 (a).
543 1811 628 1893 Ergo
644 1814 755 1877 natura
767 1815 880 1891 agente
892 1825 928 1873 ac
939 1810 1164 1891 praecipiente,
1175 1809 1210 1874 in
1221 1827 1285 1874 nno
1297 1812 1412 1875 morali
1425 1831 1499 1878 cor·

376 1914 455 1980 pora
471 1900 648 1966 adunantur
664 1899 688 1964 ii
704 1899 806 1982 quiin
821 1898 943 1962 iamilia
958 1902 1140 1980 suniatque
1154 1904 1260 1964 enini:
1276 1913 1339 1964 una
1355 1901 1495 1982 origine,

377 2001 442 2051 uno
457 1987 622 2069 sanguine,
635 2007 699 2053 nno
710 1990 792 2062 iure,
808 1987 922 2052 iisdem
933 1986 1157 2052 traditionibus
1168 1992 1201 2052 et
1211 1987 1431 2054 allectionibus
1442 1991 1499 2054 de·

272 2127 274 2132 .
377 2075 632 2159 unctiEcquidi
640 2079 735 2143 Pater
749 2076 804 2159 qui
816 2077 913 2141 vitam
926 2075 1025 2151 dedit,
1039 2077 1149 2159 suique
1161 2075 1262 2140 vultus
1272 2075 1446 2156 imaginem
1458 2079 1498 2143 li·

377 2163 430 2228 liis
444 2166 777 2240 communicantem
788 2183 859 2230 suos
875 2165 995 2228 labores
1010 2181 1047 2230 ec
1062 2165 1143 2230 bona
1154 2165 1500 2232 communicettlirbo·

378 2270 429 2317 res
444 2253 568 2334 plantat
583 2272 643 2335 pro
658 2257 757 2321 altero
773 2259 888 2329 aetate,
906 2257 939 2318 et
950 2269 1008 2333 pro
1023 2253 1137 2318 alienis
1157 2269 1222 2316 non
1246 2271 1304 2335 pro
1328 2255 1393 2319 suis
1406 2256 1498 2338 plan·

377 2346 459 2407 tasse
473 2342 685 2410 existimabis?
696 2345 775 2424 Quis
790 2343 898 2408 animo
914 2343 992 2406 adeo
1006 2341 1095 2416 levis,
1108 2347 1144 2407 ιιι
1156 2359 1220 2405 non
1232 2343 1380 2424 respiciat
1392 2343 1426 2408 in
1439 2363 1500 2426 po-

376 2432 516 2497 sterumi
524 2430 602 2511 Quis
618 2432 773 2499 familiam
788 2433 967 2506 instituens,
977 2447 1041 2494 non
1052 2430 1172 2512 cogitat
1183 2447 1218 2494 se
1229 2429 1263 2494 in
1275 2431 1330 2494 illa
1345 2433 1498 2514 supersti-

374 2524 445 2584 tam
453 2520 538 2586 iore?
545 2522 624 2602 Quis
635 2522 772 2603 gaudens
780 2521 819 2585 de
830 2520 956 2584 animae
966 2519 1222 2591 immortalitate,
1231 2537 1293 2584 non
1302 2521 1341 2584 de
1351 2520 1407 2584 illa
1418 2539 1497 2603 gau-

315 2639 322 2654 ·
375 2608 464 2673 debit
479 2609 545 2674 lare
560 2611 704 2677 terrestri
720 2609 963 2675 immortalitate
977 2623 1058 2691 quae
1072 2608 1106 2673 in
1118 2607 1263 2672 ¹lumiliae
1277 2626 1370 2674 cumn
1386 2610 1496 2675 devol-

375 2695 475 2760 vitur?
489 2696 567 2776 Quis
581 2701 707 2764 demum
723 2700 801 2764 adeo
816 2715 936 2776 vecors,
953 2702 990 2762 ιιι
1005 2715 1067 2762 rrou
1082 2696 1198 2761 sentiat
1217 2713 1253 2760 se
1268 2698 1495 2779 providentiae

374 2783 443 2848 loco
459 2784 534 2850 liliis
550 2787 659 2852 datum
673 2806 751 2862 csse,
768 2793 805 2854 ut
820 2805 875 2851 sua
889 2803 1032 2868 ergaeos
1048 2784 1199 2850 beneficia
1214 2785 1248 2849 in
1264 2785 1406 2851 futurum
1420 2805 1495 2868 per·

374 2872 483 2938 ducat?
498 2874 584 2956 Ergo
601 2877 699 2959 impie
715 2877 811 2942 nimis
825 2876 903 2941 baec
919 2874 1108 2958 propositio:
1127 2873 1250 2938 «lubet
1275 2875 1326 2939 lex
1339 2876 1495 2940 natrrralis

172 2971 201 3045 i)
235 2975 353 3032 Ιοιιιι-
373 2966 410 3027 ιιι
425 2963 573 3044 parentes
589 2964 671 3030 lilios
687 2965 843 3040 ιιιιιιίιιιιι,
862 2981 926 3028 non
941 2980 1015 3028 vero
1029 2967 1066 3030 ut
1081 2963 1214 3028 heredes·
1225 2963 1394 3028 iustiniani
1410 2961 1453 3047 1).
1473 2987 1492 3028 ι

126 3049 225 3178 gilius
252 3053 354 3136 aspre
373 3053 496 3156 Αιιοιοι·
508 3069 567 3134 pro
581 3071 671 3119 more
686 3071 754 3129 suo,
769 3072 838 3119 rem
852 3053 1000 3128 affluunt,
1014 3052 1194 3153 nullomodo
1207 3052 1331 3133 probat:
1345 3052 1492 3154 quodque

128 3125 350 3260 xffilbhhl·
371 3157 462 3222 perus
475 3144 537 3217 est,
554 3142 632 3207 adeo
647 3161 665 3207 a
681 3144 812 3208 tramite
831 3142 969 3215 aberrat,
985 3146 1022 3206 ut
1037 3142 1247 3227 imperiorum
1262 3158 1493 3208 successionem

239 3217 276 3274 ²⁶
299 3238 306 3253 ·
322 3204 350 3260 ⁶‘
367 3247 443 3294 ‘cunr
462 3229 654 3298 domesticae
669 3232 716 3296 rei
732 3229 899 3296 familiaris
912 3231 1108 3295 mceessione
1123 3229 1342 3294 morosius
1357 3230 1493 3295 confrar-

183 3327 189 3338 '
236 3403 238 3408 ,
299 3367 301 3371 -
370 3318 460 3395 dens,
476 3319 558 3384 sicut
573 3337 671 3403 regna
686 3320 891 3392 hereditaria,
904 3318 949 3384 ita
962 3322 1107 3401 paternas
1117 3317 1322 3393 hereditates,
1336 3335 1376 3384 ex
1387 3315 1493 3383 honri·

366 3423 447 3472 num
464 3408 564 3472 libera
578 3409 782 3477 institutione
798 3426 865 3474 esse
879 3408 1062 3473 contendat.

366 3525 369 3530 ·
460 3495 554 3561 xlll.
567 3496 660 3576 Quod
671 3504 783 3564 natura
795 3495 957 3570 docet‚lex
967 3495 1129 3563 societatis
1136 3495 1315 3562 conlirmat.
1325 3495 1409 3563 Nam
1420 3495 1493 3560 narl-

364 3699 368 3706 ·
447 3653 487 3728 to)
500 3656 564 3724 9⁸5⁸
577 3657 640 3733 loci,
655 3675 710 3734 quo
721 3666 797 3718 ortus
811 3662 857 3734 sit,
872 3677 925 3720 non
940 3657 1086 3732 perfruitur
1098 3659 1169 3716 mira
1187 3655 1335 3716 suavitate?
1350 3655 1489 3723 Grandae·

364 3747 417 3796 ,vus
431 3731 483 3787 ianr
496 3732 603 3808 Cicero,
618 3742 647 3793 et
660 3737 790 3808 sapientia
804 3736 986 3807 clarissimus,
1003 3750 1083 3809 qnam
1089 3734 1183 3807 Arpini
1194 3734 1276 3792 domo
1285 3731 1487 3808 delectabatur,

368 3807 467 3864 Romie
481 3808 634 3879 pavimenta
647 3827 797 3870 marmorea
810 3818 839 3870 et
852 3813 976 3886 laqueata
989 3818 1061 3868 taeta
1075 3810 1263 3867 contemnens!
1280 3807 1487 3880 ellamuiebat,

368 3880 415 3937 illo
428 3882 488 3941 loen
501 3882 676 3944 libentissime
690 3887 763 3944 soleo
777 3888 825 3957 uti,
841 3889 896 3946 sive
910 3887 973 3961 quid
989 3901 1095 3944 mecum
1110 3886 1167 3956 ipsa
1180 3887 1280 3958 cogito,
1290 3885 1343 3939 sive
1357 3888 1403 3939 aut
1417 3883 1488 3939 seri·

369 3955 476 4026 hoaut
489 3958 659 4031 lego...lllua
672 3965 744 4020 enlin
756 3965 808 4020 orti
821 3964 904 4036 stirpe
918 3963 1114 4035 antiquissimu
1124 3961 1167 4018 trie
1182 3977 1269 4031 ncra3
1278 3960 1322 4016 bie
1333 3973 1432 4031 penus,
1444 3958 1489 4015 tric

366 4033 500 4092 ‘maiorum
514 4036 599 4093 multa
619 4039 763 4112 uestigia...
778 4041 866 4108 Quare
886 4041 956 4096 inest
975 4037 1198 4108 caclaspides
1217 4035 1282 4092 latet
1302 4037 1330 4090 in
1349 4035 1440 4091 sousa
1454 4047 1488 4091 ec

369 4122 450 4166 sensu
464 4126 536 4183 meo,
550 4127 605 4186 quo
617 4128 661 4170 ure
673 4115 736 4184 pius
756 4114 800 4172 bio
814 4114 1031 4188 locustarum
1051 4111 1179 4170 delectet:
1194 4111 1328 4184 siquidem
1346 4111 1428 4166 atium
1441 4109 1487 4166 ilia

368 4185 644 4262 sapientissimorum
657 4189 777 4248 ltbacenr
790 4196 821 4252 ut
835 4191 951 4262 rideret,
960 4186 1190 4246 immortalitatem
1204 4187 1331 4244 scribitur
1343 4184 1489 4256 repudias·

358 4276 397 4330 ,ιο
413 4282 424 4314 a
444 4261 504 4332 iDe
515 4259 585 4337 lep„
601 4262 636 4336 li,
656 4263 698 4336 1.)
715 4265 762 4324 lile
776 4265 867 4326 autem
888 4265 1112 4337 sapientissimus,
1124 4269 1163 4332 ,ιιι
1176 4269 1268 4321 narrat
1280 4263 1424 4330 Homerus,
1444 4262 1487 4316 vix

367 4337 477 4395 domum
491 4352 643 4412 regressus,
660 4355 713 4413 quo
726 4341 825 4414 gaudio
847 4341 887 4399 vei
902 4342 1021 4413 stipitem
1041 4339 1083 4397 cui
1102 4344 1178 4395 torus
1200 4337 1342 4409 insidebat,
1359 4335 1445 4392 oculis
1459 4343 1488 4392 et

366 4420 457 4471 mente
471 4412 584 4472 recolit?
596 4415 667 4472 liaee
679 4415 767 4474 divina
780 4432 849 4490 pene
862 4417 970 4490 gandia,
982 4413 1080 4490 quibus
1090 4420 1118 4471 et
1127 4415 1223 4488 patris,
1236 4420 1264 4470 at
1277 4413 1381 4482 matris,
1392 4410 1488 4467 elira-

359 4495 452 4623 trulrrr,
462 4503 641 4564 sororumque
655 4490 802 4621 relegimus
814 4494 939 4567 saepiu,
948 4507 1001 4550 nne
1015 4491 1106 4566 verbo,
1118 4497 1230 4564 paterna
1243 4495 1316 4548 taeta
1329 4487 1408 4544 nobis
1422 4486 1488 4542 abs·

365 4571 406 4624 ira
426 4575 473 4625 ent
487 4567 683 4625 communistae
1501 4602 1506 4612 -
