3224 5282
441 305 504 374 1t6
885 322 979 376 crona
993 323 1028 375 vr.

394 473 526 544 sulente,
544 469 596 534 die
612 471 656 534 ab
672 469 821 534 lebruarii
838 470 914 534 anni
932 469 1030 546 1793,
1047 471 1138 536 turbe
1154 472 1357 541 exclamante:
1374 475 1495 541 Pereant

395 557 521 626 divites!
540 559 578 642 (A
592 561 648 623 bes
664 559 874 644 lcsricbecl)(
894 557 917 642 ).
1274 586 1277 592 ·

486 650 577 713 lllll.
589 653 746 713 'Attamen
760 651 824 712 non
835 666 946 713 omlnes
958 648 1066 714 lorsnn
1078 648 1291 715 scelestissimi
1302 652 1356 734 qui
1367 653 1497 734 proprie·

397 737 455 803 tati
480 737 674 802 invidebant.
691 737 773 803 Nam
791 737 876 801 docti
899 755 917 800 a
936 737 1171 822 Montesquieu,
1189 739 1377 820 respublicas
1398 741 1453 804 nisi
1467 741 1496 803 in

395 845 518 900 summa
535 826 653 891 virtute
667 825 793 890 landari
810 843 875 890 non
891 843 993 907 posse,
1011 827 1100 891 illam
1117 827 1177 909 ipsi
1192 829 1227 892 in
1248 846 1368 892 summa
1384 830 1497 894 rustici-

396 921 461 981 tate
476 915 721 988 constituebant,
739 914 923 980 societatem
947 915 986 978 ad
1002 917 1152 982 illinessis
1166 921 1199 982 et
1213 918 1342 998 Licurgi
1361 922 1494 1000 tempora

396 1004 607 1070 retrabentes.
625 1004 694 1068 lloc
709 1003 793 1067 torte
806 1003 990 1084 cogitabant
1005 1005 1120 1087 optimi
1136 1005 1319 1079 interillos,
1336 1023 1386 1070 sen
1402 1010 1497 1070 mente

396 1093 493 1174 eapti:
512 1092 625 1174 reliqui
642 1110 729 1166 vero,
747 1092 842 1158 sicuti
858 1092 1015 1158 libertatis
1030 1098 1195 1176 praetextu
1209 1093 1453 1159 dominationem
1467 1094 1496 1156 in

396 1201 430 1248 se
445 1181 683 1256 transtulerant,
706 1181 746 1245 iis
762 1181 817 1262 qui
834 1182 886 1245 illa
900 1181 1106 1264 potiebantur
1120 1199 1141 1245 e
1155 1183 1219 1248 vita
1237 1184 1284 1249 vel
1299 1200 1318 1246 e
1332 1183 1430 1265 petria
1450 1201 1497 1246 er·

398 1271 508 1354 pulsis;
524 1270 581 1344 ita,
595 1270 796 1351 aequalitatis
808 1270 925 1353 specie,
934 1270 1070 1336 divitum
1085 1288 1162 1352 opes
1173 1271 1207 1335 in
1219 1290 1253 1336 se
1263 1289 1393 1354 suosque
1409 1276 1498 1336 trans-

399 1361 483 1428 ferre
500 1359 692 1424 nitebantur.
713 1359 796 1426 Nam
811 1358 878 1423 lere
900 1375 1025 1441 semper
1040 1365 1189 1425 evenerat
1209 1366 1304 1443 atque
1319 1360 1448 1436 eveniet,
1468 1363 1498 1424 ut

397 1449 571 1532 imperium
586 1446 852 1530 concupiscentes,
865 1465 884 1511 a
899 1447 1020 1514 divitiis
1037 1448 1315 1524 nonabnorreant,
1333 1467 1499 1533 quamcum-

397 1558 459 1622 que
477 1537 578 1603 verbis
594 1536 807 1600 bumilitatem
821 1554 857 1601 ne
872 1538 1118 1617 temperantiam
1133 1537 1293 1602 affectent.

438 1701 442 1712 ‚
462 1622 465 1631 ’
487 1626 577 1693 xlv.
597 1624 822 1691 Potentissima
834 1643 904 1689 eum
920 1625 1500 1713 essctBobespierriilaetio,potentior

398 1723 505 1782 tamen
522 1716 582 1780 luit
599 1718 728 1786 naturae
744 1732 804 1778 vex
818 1714 852 1778 in
869 1713 1016 1780 Comitiis
1027 1715 1149 1796 gallicis
1162 1713 1380 1800 (Conncntion)
1394 1715 1453 1778 diei
1464 1709 1502 1777 il

397 1807 492 1880 iunii,
510 1804 585 1869 anni
604 1801 704 1885 1793.
722 1803 874 1891 Articulis
888 1803 975 1866 enim
992 1803 1036 1867 lb
1049 1808 1083 1868 et
1100 1801 1155 1877 19,
1172 1803 1241 1868 iure
1251 1804 1449 1887 proprietatis
1459 1819 1501 1870 re

398 1900 501 1966 tento,
524 1891 762 1957 decernebatur:
782 1911 799 1951 v
819 1892 945 1974 nequis
969 1891 1102 1956 minima
1120 1909 1242 1976 quaque
1258 1892 1306 1955 rei
1329 1910 1401 1956 suae
1422 1895 1501 1973 parte

348 2016 351 2022 ·
397 1981 513 2065 privari
530 1998 666 2064 unquam
682 1985 799 2061 posset,
818 1980 880 2045 nisi
894 1986 1029 2061 urgente
1041 1981 1166 2062 publica
1180 1981 1379 2054 necessitate,
1391 1979 1502 2044 ritede-

398 2074 572 2144 monstrata
593 2073 686 2152 atque
700 2069 850 2147 evidenti,
875 2086 932 2134 nec
948 2069 1017 2133 sine
1032 2071 1114 2134 iusta
1130 2087 1167 2134 ac
1181 2069 1308 2151 praevia
1324 2068 1502 2134 indemnita-

181 2161 204 2232 ί)
233 2160 377 2217 De‘ctara-
398 2165 430 2224 te
450 2161 490 2241 l).
514 2183 529 2220 v
548 2157 768 2224 Plenissimum
785 2177 860 2223 vero
871 2158 1051 2240 proprietas
1060 2158 1256 2240 triumphum
1269 2158 1502 2240 consequebatur

149 2235 374 2328 ll⁰²²510⁸dr⁰ll³
398 2250 431 2313 in
444 2247 664 2314 Declaratione
676 2247 868 2312 motivarum
883 2245 1081 2312 adCodicem
1091 2247 1351 2329 Napoleonicum,
1361 2247 1503 2312 referente

150 2310 185 2366 ‘¹⁶
209 2310 220 2366 ι
241 2313 372 2378 '²⁰me
398 2340 552 2409 Pertalis,
563 2335 651 2400 euius
666 2336 742 2400 baec
754 2337 859 2401 verba:
873 2357 892 2396 τ(
905 2337 1005 2403 Nobis
1021 2333 1137 2401 insidet
1148 2335 1296 2400 bociuris
1309 2335 1499 2417 principium,

150 2392 200 2442 ‘m'
223 2390 265 2443 ¹9'
400 2446 470 2529 nons
479 2446 518 2492 ex
534 2423 700 2490 bominum
712 2425 859 2507 pactione
871 2425 917 2489 vel
930 2442 970 2488 ex
984 2426 1121 2507 positiva
1134 2425 1202 2504 lege
1214 2424 1459 2506 proleetnm3sed
1469 2439 1501 2486 er

399 2516 596 2600 penitissima
615 2518 744 2578 naturae
756 2514 995 2580 constitutione.
1004 2515 1134 2578 Frustra
1151 2530 1286 2594 namque
1299 2513 1441 2578 nonnulli
1450 2510 1502 2575 mi-

400 2609 510 2670 rantur
526 2602 716 2686 plrilosopbi,
733 2603 817 2684 quod
833 2603 928 2668 horno
946 2603 1083 2686 aliquam
1098 2602 1132 2666 in
1148 2619 1205 2665 sno
1220 2602 1365 2666 dominio
1381 2599 1502 2683 accipiat

398 2700 502 2759 terrae
517 2697 649 2775 partem,
663 2709 744 2772 quae
759 2709 817 2756 nec
832 2693 900 2755 eius
914 2696 962 2756 est
976 2710 1065 2774 opus,
1083 2707 1142 2754 nee
1156 2689 1224 2754 eius
1238 2691 1363 2772 regitur
1374 2691 1503 2756 volunta·

357 2831 361 2838 -
399 2790 443 2849 te.
462 2782 593 2855 Verum,
614 2785 720 2844 nonn'e
736 2781 795 2844 illa·
806 2780 977 2846 admiratio
997 2779 1166 2852 evanescit,
1183 2779 1210 2842 si
1226 2779 1428 2845 advertantur
1440 2794 1503 2860 pro·

397 2872 483 2952 digia
499 2888 577 2952 quae
594 2870 729 2933 bumana
741 2869 857 2934 adiecit
871 2869 1044 2934 industria?
1055 2871 1103 2935 lta
1116 2887 1253 2955 prorsus,
1264 2861 1499 2950 Legumlatores!

398 2957 514 3026 Nostra
530 2957 685 3026 industria
699 2962 817 3023 terram
833 2959 1080 3042 conquisivimus
1101 2959 1133 3022 in
1149 2975 1210 3039 qua
1222 2953 1501 3032 sumnebabitabi-

399 3050 515 3114 tiorum
525 3047 862 3120 effecimus,saniorem
875 3053 907 3113 et
920 3048 1147 3113 iucundiorem.
1158 3045 1323 3112 (ireationi
1335 3044 1448 3130 aliquid
1456 3041 1502 3105 ad·

398 3139 547 3211 didimus,
564 3135 724 3201 Creatoris
736 3153 816 3216 opus
828 3136 1100 3218 perfecimus...A
1111 3135 1334 3219 systematibus
1345 3133 1501 3201 cavendum

398 3246 477 3308 quae
494 3233 612 3291 terram
627 3225 660 3288 in
678 3225 748 3288 iure
763 3226 906 3290 omnium
922 3225 1132 3303 constituunt,
1148 3243 1187 3288 nc
1201 3225 1252 3288 ius
1263 3226 1444 3306 cuiusquam
1457 3237 1502 3284 nc-

180 3325 210 3384 rt
238 3321 374 3396 Porculis,
398 3325 529 3382 reorvtur
546 3314 589 3396 2).
606 3314 733 3380 »Hisce
754 3315 948 3395 argumentis
971 3315 1005 3378 in
1021 3313 1250 3378 solemnissimo
1273 3313 1500 3395 legumlatomm

107 3482 113 3492 Ι
148 3396 375 3469 a'apose'desnw-
397 3409 552 3470 conventu
570 3404 714 3484 prolatis,
734 3401 812 3484 legis
828 3403 998 3486 imperium
1015 3404 1048 3468 in
1060 3403 1290 3484 proprietatem
1309 3399 1502 3468 eCodiceer·

148 3474 375 3604 ffiessfflffid
398 3495 584 3576 pellebatur,
603 3496 636 3557 et
650 3493 792 3556 submota
808 3492 1014 3574 proprietatis
1031 3492 1233 3574 tvmdamenta
1250 3491 1475 3556 reficiebantur.

235 3595 241 3616 .
313 3592 316 3600 ·
367 3591 374 3622 2

151 3639 178 3693 p.
196 3627 258 3696 112,
279 3626 340 3679 113.
486 3581 561 3646 XV.
580 3583 689 3662 ltaque
705 3582 880 3662 respublica
896 3600 960 3646 non
978 3580 1185 3662 proprietatis
1195 3597 1318 3644 summa
1334 3578 1461 3661 potitur,
1472 3575 1502 3635 ut

397 3671 535 3753 politicis
551 3669 650 3734 visum
664 3674 725 3746 est,
740 3687 853 3750 graeco
874 3674 907 3735 et
922 3670 1069 3735 orientali
1092 3668 1288 3749 despotismo
1305 3667 1440 3738 intectis
1456 3659 1502 3724 sed

397 3759 575 3840 occupatio,
596 3759 696 3832 labor,
715 3757 833 3824 liberae
847 3759 1021 3842 pactiones,
1040 3757 1230 3824 traditiones
1253 3765 1286 3822 et
1307 3753 1502 3822 successiones

396 3851 464 3913 iura
480 3848 677 3929 singulorum
688 3847 1164 3930 constituunt,proprietates'et
1176 3845 1332 3910 dominia.
1347 3846 1374 3909 E
1388 3845 1499 3910 contra,

395 3937 568 4019 respublica
590 3937 630 4000 iis
646 3941 769 4002 tantum
785 3937 907 4001 iuribus
923 3939 1026 4002 utitur
1040 3953 1121 4016 quae
1132 3936 1296 4014 politicum
1312 3935 1445 4017 regimen
1457 3944 1503 4026 co

394 4028 560 4093 mitantur:
569 4031 732 4108 quaesunt
743 4026 862 4092 tributa
876 4025 924 4090 vel
937 4026 1033 4107 leges,
1043 4025 1156 4108 quibus
1166 4023 1393 4107 possidentium
1406 4033 1502 4100 acqur-

393 4118 454 4182 sita
469 4114 552 4190 iura,
568 4116 704 4182 telicitas
718 4120 752 4181 et
767 4115 920 4180 securitas
935 4119 1193 4199 promoveantur.

464 4277 510 4350 ,tel
525 4279 630 4335 Falsam
643 4277 776 4336 libertatis
788 4279 868 4349 viam,
879 4284 934 4334 toln
945 4275 1059 4333 ulterius
1071 4276 1171 4333 saeculi
1184 4276 1293 4334 historia
1304 4271 1500 4330 commonstrat.

392 4357 451 4412 Non
474 4357 545 4411 enlm
568 4351 685 4426 le'galem
705 4360 824 4425 tamum,
839 4353 887 4409 sed
908 4359 935 4410 et
956 4352 1131 4424 proprietatis
1150 4351 1294 4424 expetebat
1311 4347 1500 4420 aequalitatem.

392 4431 473 4504 lltqui
488 4430 573 4487 civilis
588 4427 955 4499 societatis‘lundamentum,
965 4431 1007 4485 ius
1020 4433 1063 4485 est
1079 4427 1267 4500 proprietatis,
1277 4427 1303 4482 in
1314 4419 1386 4497 qued
1401 4421 1467 4505 illies
1479 4421 1502 4470 et

392 4507 478 4562 nostri
492 4505 596 4562 saecuti
610 4505 833 4564 communicantis
843 4499 1075 4577 lrtngebnturllt
1089 4503 1239 4576 irrogetur:
1256 4516 1329 4574 nam,
1345 4500 1367 4556 si
1381 4498 1458 4554 taetro
1469 4493 1502 4548 ta·

392 4583 521 4656 ettonem,
537 4595 675 4654 nunquam
686 4585 782 4657 'lamen
794 4581 956 4638 universam
971 4581 1125 4652 confringet
1138 4581 1309 4638 societatem.
