3228 5280
326 283 331 292 ’
427 318 496 390 2⁷8
841 331 1047 387 surmate-⁴

386 482 502 564 bertati
516 481 731 561 consulerent,
748 482 1167 554 ‘eocbsimtlea's‘tuerentur
1184 480 1506 576 proprietates,·mo·

387 574 536 642 narcbiae
551 574 620 638 iura
632 578 718 639 sarta
728 578 874 656 teetaqm
888 577 1062 654 servarent.
1078 567 1211 646 (lontra,
1228 571 1279 635 illi
1290 571 1439 638 Galliam
1454 571 1505 635 ei·

386 664 444 728 vili
455 663 532 729 cleri
544 661 779 730 Constitutione
789 668 823 729 et
833 661 1166 750 stbismateobruunts
1179 661 1249 742 pias
1260 659 1506 740 devorantpro·

388 745 552 834 prietates,
570 751 735 834 religiosos
749 752 876 818 ordines
888 751 1073 827 dissolsuuta
1091 748 1292 814 maiestatem
1307 748 1504 830 aggrediun-

388 843 453 919 tu'r,
472 839 640 922 pecuniam
654 841 812 924 publicam
823 839 1022 926 pertrahunt,
1034 838 1119 921 regis
1131 838 1202 903 iura
1212 837 1407 902 abscindunt.
1417 835 1506 903 Con-

387 933 564 1012 queruntuc
583 929 726 1011 plurimi:
743 925 834 1012 Nihil
845 929 992 997 comitiis
1006 925 1161 1010 agendum
1176 932 1303 1008 praeter
1322 926 1373 992 vel
1388 931 1506 992 centn

388 1017 547 1095 mandata3
564 1018 684 1102 reliqua
695 1037 754 1102 pro
765 1017 892 1089 iniectis
903 1018 1057 1084 habenda.
1073 1034 1090 1078 a
1106 1014 1182 1092 vos,
1196 1014 1360 1098 inquiebat
1370 1015 1504 1100 Marus,

388 1106 554 1192 popularia
564 1107 755 1189 repulissent
765 1107 926 1191 suffragia,
939 1106 967 1172 si
980 1125 1060 1190 quae
1071 1117 1222 1171 nuncore
1236 1101 1371 1179 effertis,
1390 1103 1430 1168 in'
1440 1105 1506 1170 ele·

389 1196 547 1262 ctionibus
559 1196 756 1263 attulissetis.
769 1220 787 1261 a
798 1197 859 1264 Sed
869 1197 992 1279 regiam
1003 1193 1098 1260 simul
1110 1200 1144 1261 et
1150 1195 1336 1278 popularem
1345 1209 1507 1278 usurpan-

389 1285 690 1374 tes'auctnritatem,
703 1286 885 1368 incoeptum
901 1303 981 1368 opus
993 1285 1173 1368 perficiunt:
1186 1283 1326 1365 eligendi
1341 1281 1403 1356 ius,
1417 1283 1506 1368 quod

389 1393 448 1442 rex
458 1374 604 1440 omnibus
614 1375 807 1450 decreverat,
816 1375 855 1440 eb
863 1374 1018 1440 universis
1029 1374 1222 1458 iopauculos
1229 1371 1414 1448 conferunt,
1423 1389 1508 1454 quos

390 1463 501 1539 minis,
511 1465 559 1530 vel
572 1463 840 1546 corruptionibus,
852 1463 900 1530 vel
911 1463 1045 1530 divitum
1056 1467 1090 1528 et
1101 1463 1303 1528 ecelesiarum
1313 1460 1511 1543 expoliatio-

391 1552 495 1628 nibus,-
512 1553 689 1638 tyrannidis
701 1554 764 1638 sibi
778 1554 939 1634 adiutores
953 1548 1223 1639 constituentia).
1302 1567 1309 1578 ·

480 1642 523 1707 V.
540 1641 647 1718 Brevi,
664 1641 840 1710 Conventio
856 1642 1026 1709 nationalis
1041 1637 1256 1708 exoriebatur:
1273 1633 1433 1724 horribile
1449 1657 1509 1704 no·

392 1733 574 1808 menenius
584 1732 716 1818 historia
729 1732 904 1798 inauditum
914 1737 947 1798 et
954 1730 1129 1796 execrabile
1137 1729 1509 1813 martyrologiumoan-

393 1824 449 1885 ton
471 1823 711 1910 exclamaverat
730 1839 748 1882 a
764 1820 809 1888 Ut
822 1815 929 1886 hostes
950 1825 1161 1904 proteramus,
1178 1819 1308 1886 audacia
1328 1817 1509 1883 necessarie

188 1909 213 1982 tl
232 1911 307 1970 sess.
334 1912 370 1970 22
393 1912 456 1984 es't,
471 1909 600 1976 audacia
614 1910 745 1989 iterum
759 1926 948 1994 semperque
964 1909 1093 1973 audacia
1109 1905 1152 1991 1).
1173 1906 1320 1989 »Populi
1331 1906 1436 1971 adbuc
1448 1924 1508 1971 uo·

143 1985 224 2059 sept.
243 1985 325 2047 ¹⁷⁹²·
393 1999 481 2063 mine
491 2001 673 2075 utebantur,
687 2000 859 2083 regnantis,
873 1998 1163 2082 mnpsdernoetis.
1176 1994 1390 2076 llineduplex
1400 1995 1508 2077 impe-

392 2086 666 2156 riumssnoscrsn
682 2093 718 2154 et
728 2105 894 2162 sannone
904 2091 1073 2170 utrumque
1088 2086 1197 2171 populi
1208 2085 1350 2160 nomine,
1363 2085 1421 2150 sed
1435 2084 1509 2151 sine

392 2171 523 2259 populo,
540 2181 573 2262 et
585 2176 618 2241 in
627 2176 782 2259 populum
793 2177 1008 2242 exercebatur.
1023 2175 1101 2242 lude
1113 2193 1177 2240 non
1189 2174 1332 2240 homines
1342 2173 1399 2238 sed
1410 2192 1508 2239 mon-

394 2264 675 2341 stratoedissima,
683 2264 914 2342 sedulissima,
924 2283 1005 2349 quae
1015 2264 1120 2332 Gallia
1130 2268 1200 2330 tota
1211 2267 1408 2342 evomuerat,
1416 2281 1508 2347 scep-

394 2359 506 2438 traque
520 2355 690 2439 rapientia.
700 2355 791 2422 Nulla
800 2355 989 2421 electionum
1000 2345 1215 2429 liberasum
1231 2351 1373 2437 nomine:
1386 2352 1507 2435 ubique

394 2443 500 2511 minae
511 2449 544 2511 et
556 2443 921 2527 termresuexoptimus
936 2443 1194 2516 obtruncabatur,
1202 2441 1507 2530 ipsoAurelianensi

393 2532 471 2598 duce
485 2533 710 2616 consanguinei
723 2533 809 2616 regis
831 2550 941 2602 necem
963 2533 1164 2598 decernente.
1181 2531 1226 2596 Et
1239 2541 1275 2596 tas
1290 2535 1428 2612 guoque,
1445 2531 1508 2615 ptis·

391 2620 453 2686 nsi!
467 2622 584 2689 lisdem
598 2621 779 2688 hominibus
789 2619 1035 2696 accusatoribus,
1049 2621 1192 2712 testibus,
1209 2638 1246 2686 ac
1257 2617 1427 2696 iudicibus3
1445 2637 1507 2686 uec

389 2710 576 2778 mulieribus
590 2709 694 2780 mnia.
711 2711 889 2778 Saturnalia
900 2710 1123 2785 saturnalibus,
1136 2709 1246 2775 caedes
1260 2709 1420 2784 caedibvu,
1438 2707 1507 2773 ira-

388 2801 550 2868 ternitatis
562 2798 761 2886 aepualitatis
774 2805 810 2866 et
823 2799 981 2866 libertatis
996 2799 1397 2874 nominecumnlabnutur.
1416 2796 1506 2878 Quid

388 2890 764 2973 populus‘llmpotensae
775 2905 921 2955 moerens
932 2889 1123 2972 patiebatur;
1131 2887 1323 2953 reluctantes
1330 2887 1379 2952 vel
1391 2903 1506 2969 suspe-

387 2979 433 3043 cti
448 2980 752 3056 exterminabantur.
769 2980 858 3045 Tunc
867 2997 926 3062 pro
941 2977 1085 3061 populari
1095 2971 1245 3060 imperio,
1258 2975 1402 3043 Terrore
1416 2975 1506 3059 regi-

388 3084 462 3132 naen
477 3067 511 3134 in
526 3068 676 3153 populum
689 3085 764 3134 vere
773 3066 1039 3134 conuituebatur.

433 3157 491 3222 Vl.
500 3159 589 3226 Nova
597 3157 727 3234 tributa,
738 3172 912 3239 novamque
922 3155 1062 3222 militum
1071 3154 1334 3240 conscriptionem
1341 3153 1450 3222 Gallia
1460 3153 1507 3219 si·

389 3244 456 3310 lens'
466 3247 724 3328 reiecerat.Tunc
734 3239 940 3314 inNationali
948 3250 1105 3312 conventu
1113 3245 1250 3327 insurgit
1260 3245 1389 3329 quidam
1396 3244 1452 3310 die
1460 3245 1505 3311 15

389 3333 474 3399 iunii
484 3334 579 3403 1793:
591 3357 608 3396 a
619 3335 876 3416 Quoniamnihil
890 3334 1089 3410 humanitate
1104 3339 1211 3399 nostra
1225 3333 1423 3417 proficimus,
1440 3337 1507 3400 ter-

389 3441 464 3489 rore
474 3424 957 3492 contendamussl‘lurimornm
970 3422 1114 3489 relicitur
1124 3423 1308 3506 imperium:
1323 3423 1432 3488 «Pars
1446 3439 1506 3506 po·

390 3513 458 3596 puli
468 3514 606 3594 maxima
617 3531 712 3597 prava
720 3519 781 3590 est,
789 3512 901 3581 scribit
911 3508 1077 3591 Melarme,
1086 3511 1220 3577 minima
1231 3513 1313 3577 bona
1324 3516 1409 3582 est-s
1419 3510 1507 3591 stn·

391 3601 464 3666 dam
470 3602 575 3668 edicto
583 3596 894 3671 decernituuuioisa
902 3598 1103 3668 hbradantur'
1111 3600 1364 3678 nobiles3bonisi
1373 3601 1503 3676 adsunt,

391 3689 456 3772 ipsi
470 3690 608 3757 videant.
627 3691 758 3758 Gladius
778 3709 818 3757 ne
833 3691 975 3776 quiescat
988 3689 1062 3776 (pue
1077 3690 1111 3754 lo
1123 3689 1287 3774 puillotine
1300 3691 1360 3755 soit
1380 3708 1422 3755 ers
1429 3707 1507 3772 prr·

476 3828 515 3906 lul
533 3851 545 3882 a
561 3829 655 3902 Quelle
669 3830 790 3891 carridre
808 3847 963 3905 parcourus
979 3847 1013 3891 en
1026 3830 1097 3889 deux
1110 3835 1176 3893 unsl
1196 3834 1250 3892 Les
1263 3829 1450 3889 mandatnires
1468 3831 1508 3889 du

393 3906 492 3979 peuple
501 3906 680 3968 ,transtormes
701 3923 735 3967 en
750 3909 871 3966 ennemis
883 3909 920 3968 du
934 3908 997 3966 ¹soil
1012 3908 1062 3966 des
1075 3906 1249 3981 legisleteurs
1267 3906 1394 3966 recolant
1406 3907 1510 3965 devant

393 3981 469 4040 leurs
482 3981 543 4040 lois.
558 3980 676 4052 Appulia
690 3985 706 4040 d
718 3989 780 4042 tant
792 3998 918 4058 reparer,
932 3984 967 4042 ils
979 3985 1086 4043 avaient
1097 3982 1158 4043 tout
1169 3984 1282 4054 detruits
1290 3983 1448 4040 auxiliaires
1458 3997 1508 4040 na·

392 4056 480 4118 toreis
494 4056 528 4115 de
542 4053 655 4128 l'ordre,
669 4058 704 4115 ils
722 4059 827 4116 avaient
837 4058 945 4117 eniantt
957 4059 983 4118 lc
996 4060 1089 4120 chaos!
1108 4083 1119 4113 ι
1137 4061 1236 4135 (mnis
1250 4061 1333 4125 XVI,
1348 4073 1400 4130 par
1419 4057 1447 4116 le
1460 4059 1507 4116 W·

392 4139 482 4194 comta
492 4133 531 4192 de
545 4131 670 4203 Fulloux,
685 4148 713 4206 p.
728 4136 796 4207 v185,
810 4134 857 4192 ed.
873 4137 944 4194 salo
953 4137 1073 4210 litigas
1085 4149 1154 4208 quae
1165 4136 1273 4210 legatur
1286 4135 1395 4206 integra
1409 4148 1511 4191 narm-

392 4212 431 4272 tlo
443 4210 563 4269 auctoris
576 4208 722 4285 fidelissimi
736 4217 818 4282 atque
826 4212 1044 4285 ingeniosissimi.
1054 4213 1165 4278 luerim
1174 4227 1240 4269 vero
1249 4207 1432 4267 universalem
1442 4225 1508 4266 suc-

296 4355 298 4358 ,
393 4286 551 4346 cedentium
570 4284 748 4343 assensuum
763 4287 933 4344 comitiorum
950 4287 1091 4345 historiam
1111 4287 1235 4345 referunt
1254 4284 1300 4342 illa
1312 4284 1412 4342 verbs:
1428 4306 1447 4336 a·
1458 4285 1509 4354 Qui

394 4371 426 4422 ut
438 4363 529 4422 omnia
541 4366 701 4434 repararent
714 4359 894 4436 eligebantur,
909 4363 1001 4420 omnia
1020 4362 1227 4434 destruxeruat3
1241 4358 1344 4418 ordinis
1361 4359 1511 4439 auxiliato-

394 4453 453 4514 res,
466 4439 550 4498 cbaos
562 4435 745 4496 ediderunt.»
762 4436 826 4496 Plus
839 4437 882 4495 vel
896 4439 995 4498 miuus:
1011 4438 1060 4496 sed
1079 4438 1122 4496 bic
1135 4438 1253 4496 omnium
1267 4435 1338 4504 finis,
1352 4436 1447 4508 quise
1461 4449 1512 4508 po·

394 4513 499 4585 palaris
518 4512 623 4588 imperii
636 4517 874 4584 repraesentantes
885 4514 1098 4572 constituerunt.
1115 4515 1151 4573 Ut
1163 4513 1237 4571 initia
1249 4525 1312 4569 cum
1323 4511 1379 4568 fine
1392 4511 1513 4568 mainu-

394 4604 455 4663 gas,
467 4590 528 4650 vide
541 4587 840 4651 mvtsxv'ruevrone
852 4597 946 4650 ocant
956 4605 1011 4665 pue
1021 4589 1111 4650 d'etre
1122 4593 1176 4659 rot,
1185 4604 1235 4662 par
1248 4583 1338 4647 lhobt
1345 4587 1472 4662 Propera.
