3224 5282
575 327 772 382 nruuusnr.
1120 313 1184 380 117

113 473 327 541 villationibus
341 481 477 543 emunt.
496 477 562 544 Nos
580 477 636 561 qui
651 479 749 544 armis
764 481 826 544 uon
842 477 1047 557 delectamur,
1066 477 1229 546 ratiuncu-

114 566 159 630 las
173 564 389 630 dissolvemm.
756 613 760 620 .
878 587 880 598 ·

202 655 247 720 ll.
266 655 368 719 Aiunt
385 652 417 718 1:
436 654 595 720 Possessio
609 655 738 738 quidem
752 661 809 722 -est
824 672 843 720 a
858 661 982 729 natura,
1004 661 1037 723 at
1052 657 1229 741 proprietas

108 760 173 827 qua
188 743 340 827 possessio
354 759 542 826 pennaueus
557 744 594 810 lit
609 749 642 809 ct
654 763 807 827 personae
821 744 1109 826 alligitur,.uonnisi
1124 765 1142 811 u
1158 747 1228 827 lege

109 832 246 914 positiva
261 849 317 898 seu
327 849 345 897 a
357 833 518 898 communi
534 834 677 900 omnium
694 838 786 916 pacto
802 851 869 900 csse
885 839 1002 915 potest:
1016 834 1095 900 adeo
1107 840 1142 903 ut
1154 853 1228 918 pos-

107 939 213 987 sessor
224 921 268 987 sit
279 921 471 998 individuus,
483 922 714 1005 proprietarius
727 927 834 990 autem
844 923 887 991 sit
897 923 1228 990 omniumcommuui·

108 1017 159 1078 tas
174 1012 223 1076 vel
234 1011 353 1080 Status.

200 1101 261 1166 lll.
276 1103 309 1166 2.
327 1104 461 1177 llcvera,
474 1117 511 1165 ea
525 1115 606 1186 quac
620 1100 660 1164 ab
674 1099 804 1166 homine
817 1101 1048 1185 quolammodo
1063 1106 1224 1178 creantur,

108 1189 253 1255 hominis
267 1191 362 1267 fiunt3
372 1194 456 1255 terra
472 1189 686 1256 suum-suso
701 1195 807 1256 creata
821 1196 966 1274 ect3ergo
983 1207 1047 1256 non
1062 1197 1160 1267 tarra,
1170 1193 1226 1258 sed

110 1279 236 1346 tructus
249 1280 305 1363 qui
321 1277 437 1345 exculti
453 1279 529 1354 sint,
547 1278 688 1345 lromiuis
703 1279 894 1362 proprietati
910 1280 1020 1346 cedere
1036 1285 1200 1364 poterunt.
1218 1331 1221 1338 ,

198 1368 258 1434 lv.
276 1365 310 1434 3.
326 1367 417 1436 Nihil
431 1367 518 1437 euim
533 1365 673 1452 iniquius
687 1379 782 1450 quam
805 1373 840 1434 ut
854 1368 974 1451 primae
989 1369 1154 1435 hominum
1170 1387 1226 1452 ge-

106 1457 432 1525 nerationesracuam
447 1462 567 1523 terram
581 1461 746 1540 occupent,
759 1456 882 1540 sibique
897 1475 968 1524 eam
979 1457 1143 1535 hebentes,
1155 1477 1226 1525 sarc-

105 1547 284 1612 cessoribm
299 1545 509 1630 praeripiunt.
526 1545 640 1614 Nonne
655 1547 800 1628 aequales
815 1562 937 1624 omnes,
954 1547 1008 1630 qui
1023 1549 1111 1631 prius
1125 1547 1224 1630 etqui

107 1635 268 1718 posterius
279 1635 566 1718 genitisuut‘llirgo
578 1633 676 1717 primi
689 1639 806 1700 terram
817 1640 972 1717 occupent
983 1641 1016 1702 et
1028 1637 1222 1718 possideant,

104 1725 161 1790 sed
179 1743 244 1790 nou
263 1731 301 1792 ut
313 1724 489 1810 propriam:
505 1721 724 1808 quaeque-illis
740 1739 834 1790 vaura
848 1722 924 1790 data
936 1731 998 1802 est,
1023 1725 1226 1810 sequentium

104 1829 238 1880 vacuam
254 1813 447 1898 relinquant.
994 1873 1000 1878 .

197 1902 239 1968 V.
262 1900 297 1969 l.
318 1902 387 1969 lloc
409 1902 517 1970 omnia
541 1902 611 1969 iura
631 1901 781 1970 clamant.
799 1901 913 1979 David,
932 1920 989 1972 rer
1003 1907 1037 1970 et
1052 1903 1221 1987 propheta,

103 1996 225 2058 terram
242 2009 314 2057 uon'
325 1991 457 2074 singulis
479 1993 535 2058 sed
550 1991 697 2058 omuibus
712 1991 929 2058 incommune
951 1993 1058 2058 datam
1073 1993 1222 2059 munna

104 2079 269 2146 «Caelum
281 2081 362 2146 caeli
372 2081 523 2160 Domino,
534 2086 655 2148 miram
667 2086 774 2148 eutem
785 2081 872 2148 dedit
883 2081 958 2147 liliis
969 2081 1136 2148 hominum
1150 2080 1222 2166 ll.»
1260 2082 1470 2163 lll’scltiilll,

102 2167 251 2236 Christus
262 2171 371 2236 docuit
383 2187 440 2236 nos
447 2188 565 2252 ponem
576 2169 794 2253 quotidianum
803 2176 923 2254 petere,
934 2169 1225 2253 signiticauseauo·
1248 2161 1293 2221 ¹⁶·
1601 2197 1602 2214 ι

101 2264 168 2324 stra
188 2259 261 2324 lieri
276 2277 356 2342 quae
366 2277 424 2324 usu
435 2259 618 2343 quotidiano
629 2259 848 2334 absumuntur,
859 2264 983 2326 caetere
995 2277 1068 2326 vere
1080 2279 1223 2336 commu·

102 2347 155 2412 nia
170 2348 351 2416 habuerunt
361 2349 461 2432 primi
475 2351 532 2432 qui
547 2349 615 2414 eius
630 2347 725 2413 tidem
740 2348 876 2432 amplexi
891 2351 977 2415 sunt.
1149 2399 1155 2406 ,

195 2438 254 2502 Vl.
273 2439 306 2504 ὃ.
323 2438 477 2504 Eamllern
491 2438 671 2504 doctrinam
685 2439 822 2504 unuisse
837 2437 1022 2510 Ecclesiam,
1039 2437 1222 2504 docemura

100 2543 126 2590 s.
142 2527 331 2606 Ambrosio,
349 2528 404 2610 qui
418 2527 521 2593 officia
535 2526 726 2602 describens,
743 2527 789 2593 sic
802 2526 958 2593 delinivit:
974 2547 991 2588 a
1009 2527 1158 2592 Formam
1173 2525 1223 2592 iu·

100 2615 214 2682 stitiae
229 2622 419 2697 putaverunt
432 2616 625 2700 philosophi,
643 2621 680 2682 ut
694 2615 764 2700 quis
778 2615 970 2692 communia,
985 2615 1067 2682 idest
1082 2615 1220 2699 publica,

100 2722 157 2788 pro
174 2705 313 2787 publicis
326 2705 452 2782 lrabeat3
470 2705 595 2786 privetu
609 2723 669 2787 pro
684 2705 760 2770 suis.
770 2706 820 2773 Ne
834 2704 895 2770 hoc
909 2705 1041 2788 quidem
1051 2705 1223 2770 secundum

103 2800 267 2859 naturam:
294 2803 413 2860 muru
433 2795 517 2859 enim
531 2795 641 2859 omnio
659 2794 802 2860 omnious
823 2795 1043 2858 incommune
1061 2795 1220 2877 meludit.

101 2883 152 2950 Sic
169 2883 263 2948 euim
277 2883 361 2950 Deera
382 2883 527 2966 geuemri
542 2883 633 2950 iussit
648 2883 768 2958 omnia,
792 2885 828 2948 ut
848 2887 956 2964 pastus
976 2880 1122 2947 omuibus
1135 2898 1224 2950 com·

102 2974 211 3037 munis
224 2977 320 3050 esset,
342 2975 377 3039 et
392 2980 479 3038 terra
493 2973 576 3055 [oret
590 2973 732 3037 omnium
746 2972 900 3055 quamam
913 2971 1088 3036 communis
1100 2989 1223 3053 posses·

103 3063 161 3127 sio.
179 3075 318 3129 uarum
328 3076 500 3129 reimarus
514 3077 679 3129 courrune
695 3075 898 3136 caucasum,
912 3075 1092 3129 usuuramo
1103 3077 1153 3128 rus
1163 3078 1225 3127 re·
1602 3135 1603 3140 ,

103 3148 398 3236 cremaverunt).
415 3149 693 3217 »vehementiora
706 3149 823 3215 habent
834 3147 1018 3232 Cyprianus,
1035 3146 1223 3233 chrysosto-
1263 3143 1290 3220 ²)
1305 3149 1349 3208 De
1367 3147 1469 3226 offic,

102 3257 184 3315 mus,
204 3240 353 3318 Basilius,
373 3238 490 3324 aliique
504 3237 633 3323 plurimi
647 3255 726 3322 quos
742 3237 882 3306 Ecclesia
899 3238 1042 3304 doctores
1060 3253 1096 3302 ac
1115 3242 1221 3321 patres
1244 3221 1266 3298 ¹2
1283 3225 1332 3282 ²⁶·
1415 3249 1422 3258 “
1602 3265 1603 3272 1

103 3331 286 3394 veneratur.
1050 3351 1054 3358 ·

110 3426 117 3440 ·
191 3417 270 3484 vu.
288 3415 323 3484 6.
338 3417 423 3502 Ergo
437 3433 513 3484 vere
527 3417 606 3483 illud
620 3417 725 3486 sanxit
741 3417 905 3502 Ulpianus:
917 3436 942 3477 ιι·
953 3414 1041 3484 Nihil
1053 3431 1221 3482 commuue

103 3505 198 3574 laum
214 3507 391 3592 proprietas
404 3525 478 3572 cum
493 3507 687 3589 possessiom
703 3505 781 3592 3).»
1260 3525 1391 3602 prm,
1412 3528 1468 3603 51,

191 3595 286 3662 vill.
297 3595 535 3679 Respondemus
545 3596 814 3680 aa1.-sempcr
824 3601 858 3662 et
869 3595 978 3678 utique
986 3595 1220 3678 posseasiocum
1242 3601 1470 3681 incompos-

103 3684 197 3751 lirma
222 3689 256 3750 ct
273 3685 372 3750 libera
387 3703 494 3752 rerum
508 3685 705 3768 proprietate
725 3686 788 3751 luit
802 3685 994 3750 consociata.
1020 3685 1154 3769 Antiqui
1170 3704 1221 3751 re-
1239 3694 1309 3739 ⁸0⁸³·

102 3779 275 3857 centesque
286 3791 390 3839 mares
400 3774 559 3858 explorati
569 3779 654 3842 sunt:
666 3791 826 3858 nunquam
837 3791 911 3839 vero
923 3771 1080 3838 fabulosus·
1092 3775 1220 3842 illesta·

103 3866 152 3926 tus
167 3863 329 3947 apparuit,
339 3863 395 3929 ubi
411 3863 600 3938 dominium,
613 3862 738 3929 exclusa
753 3863 959 3946 proprietate,
969 3862 1133 3928 adnudam
1147 3882 1219 3947 pos·

102 3952 276 4018 sessionem
291 3953 454 4018 redactum
469 3952 578 4019 luerit.
599 3953 695 4018 Facta
712 3956 817 4018 autem
832 3950 1034 4024 universalia,
1058 3951 1220 4021 universa-

103 4038 164 4106 lem
176 4061 235 4106 seu
247 4041 424 4107 naturalem
431 4058 555 4106 causam
567 4040 697 4107 habent.
707 4041 787 4121 Quis
798 4041 897 4119 euim,
907 4039 968 4105 nisi
981 4044 1105 4114 natura,
1119 4040 1220 4125 sylve-

100 4134 200 4196 strem
216 4131 392 4206 hominem,
407 4131 518 4195 rudem
531 4131 583 4196 vel
597 4129 766 4206 infantem,
784 4147 837 4195 eos
853 4147 916 4193 uno
933 4129 1026 4196 verbo
1045 4129 1100 4210 qui
1119 4131 1219 4210 solam

102 4223 250 4285 naturam
265 4219 395 4298 habeut,
413 4217 668 4286 constantissime
682 4218 795 4285 docere
814 4218 931 4302 potuit,
952 4235 1006 4284 sua
1021 4218 1159 4283 retinere
1171 4218 1219 4284 vel

100 4307 432 4392 distrahere,aequurn
442 4314 475 4376 at
487 4309 655 4374 honestum
666 4308 747 4374 essct
755 4308 846 4388 Quis,
860 4307 1001 4390 iuquam,
1016 4305 1077 4372 nisi
1092 4312 1217 4384 nutura,

99 4397 296 4464 conscientie
312 4398 389 4464 haec
406 4397 601 4473 universalis,
626 4397 709 4478 laires
724 4415 833 4462 omnes
854 4402 889 4462 et
910 4395 1076 4461 hominurn
1097 4399 1217 4462 statuta

100 4486 308 4552 antecedens?
322 4487 407 4570 Ergo
422 4485 573 4572 possessio
589 4491 621 4552 et
635 4485 814 4568 proprietas
830 4503 893 4550 nou
906 4484 985 4550 duae
996 4501 1058 4560 res,
1068 4484 1123 4550 sed
1138 4483 1218 4547 duae

100 4573 244 4643 eiusdem
266 4576 314 4643 rei
330 4576 451 4643 turmae
471 4576 631 4644 habendae
645 4580 731 4642 suut:
755 4575 927 4662 proprietas
941 4577 990 4642 est
1005 4573 1069 4649 ius,
1095 4590 1217 4656 posses-
