3228 5280
555 318 777 374 arrosusvur.
1110 301 1176 370 287

105 483 167 551 que
176 460 1148 550 ldiolstrl,·nlsllllusoriaverborumllctlone,nequecoridita
1161 485 1220 532 un-

103 572 198 636 quam
215 556 283 636 lege
297 552 356 620 hac
367 555 406 619 de
417 571 465 620 re.
482 555 549 622 Nec
560 556 666 620 tonan
678 555 853 622 condenda:
869 561 975 638 sperat
986 556 1073 621 enim
1085 556 1219 639 quisque

103 648 138 709 et
153 660 188 708 se
202 642 388 708 ministrum
403 644 484 710 lore.
495 643 581 710 Vere
596 644 875 727 quidemllllnistri
891 661 909 708 e
924 645 1023 725 gradu
1037 644 1132 709 dailei
1145 663 1219 726 pos-

101 735 190 796 sunt:
205 732 261 797 sed
276 731 352 814 quid
367 731 482 797 hoc-ad
497 732 664 817 populum,
678 751 750 798 cum
762 732 873 817 populi
883 749 936 797 aes
949 736 985 798 et
1002 733 1136 814 negotia·
1147 735 1219 798 sub-

74 892 77 896 ·
103 837 195 885 versa
209 820 309 886 sunt?
322 819 453 895 Contra,
471 817 728 905 responsabilitas
748 822 879 888 moralis
895 826 990 905 atque
1005 821 1219 886 efficacissima

103 908 214 975 aderat
228 909 263 974 in
280 926 355 990 rege
370 909 525 976 absoluto.
543 911 673 978 Nullum
689 911 839 988 tribunal,
852 928 916 994 quo
932 909 1066 976 iuridlce
1081 910 1222 992 compel-

108 997 206 1063 latur:
223 996 400 1062 sednoune
416 999 586 1064 verendum
602 999 672 1081 regi
686 1000 826 1066 tribunal
842 1015 931 1064 mens
946 999 1079 1064 etfama
1094 1000 1221 1064 univer-

103 1084 427 1151 sorumtiloacervata
442 1085 476 1150 in
492 1105 525 1152 se
537 1086 609 1152 odia
622 1087 733 1168 effugit
741 1087 903 1164 Minister,
911 1088 1017 1168 officio
1028 1088 1217 1154 valedicens:

18 1223 19 1228 η
104 1179 140 1240 at
151 1191 277 1258 semper
285 1174 498 1256 eademllcgls
511 1193 656 1257 persona,
667 1175 719 1240 cui
727 1176 975 1264 proptereaodia
985 1177 1120 1241 cavenda
1131 1179 1218 1252 sunt,
1309 1253 1312 1258 ¹

18 1285 19 1316 1
104 1281 216 1328 amore
230 1264 281 1328 sui
296 1268 330 1328 et
344 1271 567 1328 successorum.
584 1263 716 1344 Fictitia
731 1265 832 1346 igitur
847 1270 879 1331 et
894 1264 1036 1330 illu'soria
1051 1265 1221 1332 Ministro·

18 1367 19 1376 *
104 1369 178 1416 rum
194 1350 452 1433 responsabilitas
473 1351 509 1417 io
524 1352 681 1434 regimine
692 1353 981 1436 repraesentativa:
999 1353 1104 1419 verior
1118 1359 1151 1419 et
1166 1371 1223 1435 po*

103 1441 181 1524 pulo
196 1441 308 1506 utilior
322 1439 377 1504 illa
392 1450 472 1522 quae
487 1458 595 1522 regem
610 1440 788 1507 ahsolutum
804 1455 966 1524 nunquam
980 1441 1132 1507 dimittit.
1184 1476 1187 1481 -

196 1529 257 1596 lx.
276 1527 361 1610 Quin
377 1528 444 1594 imo
459 1529 612 1612 paralysis
626 1529 867 1595 universa-illud
883 1535 943 1605 est,
957 1531 1041 1612 quod
1057 1533 1222 1612 tantopere

105 1617 257 1693 iactatur,
267 1616 383 1682 virium
398 1617 854 1702 aequilibriumNerviregiae
866 1619 1042 1684 maiestatis
1053 1619 1146 1700 plene
1157 1618 1222 1682 dis-

103 1707 324 1780 solvebantur,
340 1723 413 1769 cum
428 1707 638 1772 immanentia
654 1707 829 1774 maiestatis
843 1709 927 1782 iura,
948 1712 1089 1790 potestas
1106 1724 1222 1789 nempe

18 1815 19 1856 l
104 1793 294 1879 lapidariam,
313 1796 477 1860 aaronica
492 1800 525 1860 et
539 1795 722 1875 iudiciario,
740 1811 760 1860 a
775 1812 849 1878 rege
864 1797 1015 1863 distracta
1031 1799 1116 1861 sunt.
1134 1795 1226 1876 Quae

18 1909 19 1942 r
104 1885 184 1949 lieet
195 1901 253 1966 per
268 1883 400 1947 idoneos
415 1885 500 1950 viros
515 1884 701 1958 exercenda,
719 1885 902 1951 radicaliter
912 1889 1020 1950 tamen
1032 1901 1072 1950 cx
1086 1901 1150 1948 uno
1166 1885 1225 1949 sti-

101 1974 174 2056 pite
188 1971 430 2056 prollciscantur
442 1989 568 2036 necesse
582 1977 642 2050 est,
654 1973 703 2038 uti
715 1973 777 2039 vita
793 1975 898 2038 omnis
909 1991 950 2038 ex
960 1971 1067 2048 corde3
1082 1971 1145 2036 nisi
1157 1989 1225 2036 ma·

103 2063 155 2126 vis
171 2082 189 2128 a
207 2060 416 2142 irregularem
431 2061 663 2142 rempublicam
682 2068 716 2126 et
731 2062 815 2137 male
831 2063 1067 2138 cohaerentem,
1088 2083 1105 2122 »
1127 2079 1222 2145 quam

18 2175 19 2216 l
105 2150 329 2224 Puiendorlius
343 2148 560 2215 detestabatur
577 2147 619 2233 1).
638 2149 704 2215 llac
719 2151 857 2234 primum
878 2150 966 2228 edita
978 2149 1083 2224 ruina,
1102 2149 1148 2214 vis
1163 2149 1225 2214 mi·
1269 2168 1292 2242 ι)
1307 2171 1398 2228 Huius
1424 2167 1471 2227 pp,

18 2263 19 2304 1
104 2239 199 2304 litiae
213 2236 367 2319 regularis
381 2255 438 2320 per
453 2237 585 2302 civicam
601 2237 752 2303 militiam
767 2237 843 2303 elisa
856 2244 916 2316 est3
931 2237 1174 2319 magistratuum
1189 2241 1222 2304 et
1244 2246 1288 2304 tir.
1304 2245 1339 2322 ll,
1354 2253 1371 2315 s
1384 2246 1432 2303 lll.

102 2326 299 2392 iudiciorum
314 2326 374 2400 vis,
391 2343 448 2409 per
462 2326 599 2403 iurator
614 2327 757 2392 omnium
772 2325 908 2411 denique
929 2332 1017 2391 recte
1031 2327 1223 2409 sapientium

105 2416 159 2482 vel
174 2415 337 2498 agentium
351 2415 523 2489 sententia,
541 2432 599 2497 per
618 2415 808 2481 obscoenam
824 2415 1024 2482 conviciandi
1034 2415 1222 2491 licentiam,

102 2523 187 2590 quae
201 2505 368 2570 verborum
382 2506 417 2568 et
431 2503 626 2584 scriptorum
642 2503 771 2570 libertas
786 2505 974 2587 appellatur.
1060 2568 1069 2574 .

196 2593 247 2658 X,
256 2591 412 2668 lamvero,
426 2591 544 2660 militia
555 2591 655 2658 civica
666 2591 732 2658 sive
743 2592 898 2659 nationali
911 2590 1024 2676 agente
1036 2591 1085 2658 vel
1096 2589 1222 2675 patieu-

103 2687 153 2757 te,
161 2680 527 2747 omnesiusurreotiones
538 2684 684 2762 peractae
695 2686 781 2757 sunt,
791 2681 966 2764 usquedum
978 2680 1141 2746 societatis
1152 2680 1221 2744 exi-

103 2770 246 2838 stantiae
257 2770 371 2837 ultimo
383 2769 565 2835 minabatur
575 2771 833 2836 communiamus:
847 2771 929 2835 unde
940 2769 1039 2836 civica
1046 2768 1162 2834 militia
1171 2768 1222 2832 in·

105 2859 262 2926 surrectio
270 2865 396 2924 amoto
404 2857 488 2925 dicta
499 2862 561 2923 est.
569 2859 671 2924 lurati
682 2859 779 2935 cives,
790 2862 878 2925 sorte
885 2858 1011 2932 delecti,
1025 2862 1061 2923 ut
1070 2857 1222 2922 iudicium

104 2945 1223 3028 lerantdelaotoinrecriminali,iudiciafacileturbantquiaexper·

104 3043 153 3115 ta,
165 3054 229 3101 non
241 3035 351 3118 ignara
362 3053 464 3110 meus,
481 3033 520 3100 de
535 3035 628 3101 iactis
638 3037 811 3120 prudenter
820 3036 952 3112 iudicat;
970 3040 1039 3102 tum
1054 3033 1220 3118 qulu.laoti

104 3125 193 3192 ratio
201 3139 293 3207 saepe
308 3141 381 3189 cum
395 3123 465 3189 iure
477 3123 694 3206 coniungitur.
700 3124 800 3208 Finge
811 3141 936 3191 causam
950 3123 1003 3205 agi
1018 3123 1057 3187 de
1071 3123 1221 3204 episcopo

104 3213 285 3280 reluctante
300 3212 364 3294 legi
375 3212 560 3296 cirili-quae
575 3213 705 3278 dubium
719 3213 803 3279 ierat
813 3212 952 3279 haeresis
966 3210 1219 3277 vel'solrlsmatis:

105 3301 187 3369 laeti
201 3300 318 3367 solutio
332 3301 450 3385 pendet
463 3319 504 3366 ex
517 3301 598 3367 iure.
608 3300 692 3382 Quid
707 3297 813 3368 autem
827 3301 881 3366 lrio
896 3300 982 3367 videt
995 3314 1107 3379 caupo,
1119 3297 1220 3373 telier,

105 3389 388 3456 salsamentariae?
401 3390 522 3457 Nonne·
530 3388 700 3468 ridiculum
716 3389 802 3456 toret
815 3389 945 3456 illorum
960 3387 1125 3461 iudicium,
1142 3387 1223 3451 ridi·
1320 3455 1323 3460 ,

104 3480 179 3544 cula
193 3478 256 3553 lex,
273 3477 424 3544 ridiculus
439 3478 611 3562 legislator,
627 3477 762 3543 ridicula
784 3479 861 3560 gens
874 3477 962 3544 bisce
976 3478 1125 3543 contenta
1139 3475 1223 3540 iudi·

105 3567 218 3633 cibus?
232 3567 301 3632 lloc
317 3571 424 3632 tamen
447 3568 497 3643 ilt;
514 3572 548 3632 et
562 3567 820 3649 quotiescumque
842 3567 952 3632 insana
967 3563 1045 3630 iacti
1063 3564 1221 3632 sententia

104 3654 290 3740 praecessit,
301 3655 381 3720 nihil
393 3655 628 3738 magistratibus
639 3656 843 3738 relinquitur,
854 3655 917 3720 nisi
929 3661 964 3720 ut
974 3652 1036 3736 ipsi
1050 3652 1136 3736 inter
1147 3669 1223 3734 poe-

105 3763 168 3810 nae
179 3744 354 3818 maximam
368 3744 417 3810 vel
433 3745 604 3810 minimum
618 3745 827 3811 constituant.
844 3743 940 3812 llatio
954 3741 1132 3808 huiusmodi
1145 3739 1224 3823 lepis

107 3832 187 3901 haec
201 3837 284 3908 erat,
300 3832 498 3916 distorquere
513 3831 644 3910 iudicia,
658 3833 901 3916 magistratuum
917 3831 1135 3914 integritatem
1147 3829 1222 3894 irri-

106 3927 175 3988 tam
190 3921 307 3997 lacere,
321 3921 541 3988 innocentibus
548 3921 626 3998 vim,
636 3923 700 3988 reis
710 3921 933 4007 impunitatem
944 3921 1069 3993 afferre,
1083 3918 1223 3985 iustitiae

105 4027 222 4077 nervos
235 4009 403 4076 concidere
418 4009 472 4097 (o).
488 4010 573 4091 Quid
587 4028 666 4094 erga
680 4013 823 4100 superest
836 4007 871 4076 iu
885 4009 1041 4077 civitate?
1063 4009 1135 4077 Non
1151 4025 1220 4082 rex,

195 4170 236 4247 (a)
250 4171 348 4230 llrater
359 4171 423 4230 olim
436 4171 540 4230 ordinis
552 4171 786 4244 praedicatorum,
800 4186 872 4229 nunc
885 4171 920 4228 ab
932 4170 1025 4230 ordina
1038 4156 1147 4242 atqua‘a
1157 4165 1223 4224 reli·

106 4249 188 4321 mone
202 4254 323 4320 apostata
336 4246 512 4321 laetissimus,
527 4247 635 4320 Achilli,
652 4249 734 4304 vitam
748 4261 832 4320 agens
848 4248 875 4304 ln
889 4246 1019 4305 Brittania
1038 4259 1120 4317 quam
1133 4239 1222 4327 solent

106 4329 260 4396 apostatae,
275 4323 350 4388 inter¹
359 4328 542 4396 protestantes
555 4324 606 4380 iam
620 4337 685 4380 suos
699 4322 849 4380 Ecclesiam
862 4320 1022 4380 catholicam
1036 4317 1223 4402 mendaelrset

105 4398 249 4456 calumniis
262 4398 438 4458 vehementer
451 4397 645 4458 insectabatur:
667 4397 718 4455 lroo
730 4396 838 4471 quoque
856 4403 1041 4468 apostatarum
1054 4407 1141 4450 more.
1156 4393 1221 4460 Qum

104 4481 183 4532 asset
194 4472 304 4548 tortili,
318 4480 348 4532 et
360 4489 430 4549 quoe
441 4476 501 4534 aior
515 4475 579 4545 vita,
599 4471 761 4546 caprotina
781 4472 860 4530 lactis
877 4468 1036 4530 declarabat
1047 4467 1220 4554 doctissimus

104 4551 248 4626 Nauaron,
263 4565 297 4608 er
311 4552 534 4624 protestaotlsma
548 4551 582 4610 ad
596 4549 811 4609 catholieirmam
823 4561 980 4606 couversos.
1001 4541 1154 4603 Vocabatur
1169 4548 1220 4599 ute
