3224 5282
267 1830 271 1840 ,
384 1773 458 1849 pitto

427 308 490 374 110
869 323 1014 376 rinnau.

382 473 474 536 malis
493 471 662 642 ,aliquando
685 469 840 538 doctrinis
862 476 896 544 et
915 471 1005 543 lactis
1019 470 1059 536 ab
1076 470 1152 555 ipsis
1174 469 1403 554 imperantibus
1425 474 1501 539 edo-

382 566 448 628 ctas
506 607 515 624 .
1100 611 1104 620 .
1316 559 1320 568 '

462 559 516 714 (X.
533 647 769 730 Proprietatem
788 646 997 727 communire,
1014 664 1140 718 errores
1160 647 1349 724 convellere,
1367 648 1502 714 societa-

383 738 668 821 temexpraesenti
680 737 804 820 gurgite
816 736 1012 814 abstrahere,
1021 737 1200 804 nostraerit
1207 753 1296 800 mens
1304 739 1337 801 et
1345 738 1497 803 officium.

383 828 421 894 ln
432 832 601 909 utrumque
612 827 693 891 latus
704 827 937 898 dimicabimus:
946 827 981 890 in
993 825 1134 907 privatos
1145 825 1200 906 qui
1212 824 1378 902 doctrinis,¹
1386 826 1422 890 in
1433 828 1501 892 lm-

384 916 472 998 peria
486 932 566 997 qnae
582 915 701 996 legibus
720 915 768 981 vel
783 915 876 981 iactis
890 916 1115 999 proprietatem
1135 913 1371 996 aggrediuntur.
1390 914 1501 981 Socia-

386 1004 512 1070 lismum
529 1007 562 1069 et
576 1001 860 1084 Communismum,
877 1021 939 1088 qua
961 1007 1148 1085 pestorano
1164 1001 1295 1084 politica
1310 1006 1498 1084 systemata,

384 1098 418 1158 et
429 1110 509 1160 nova
520 1093 893 1174 praesertimexeogimta
904 1091 1041 1173 imperia
1052 1090 1289 1170 contabescunt,
1299 1107 1500 1174 quocumque

385 1181 853 1266 invenerimuspersequemur.
864 1181 926 1248 Sed
937 1198 1034 1262 quum
1042 1180 1218 1262 proprietas
1226 1177 1368 1262 quaesita
1378 1181 1421 1246 sit
1432 1199 1499 1247 non

386 1270 420 1334 in
432 1287 482 1334 res
492 1273 629 1345 tantum,
643 1270 742 1335 sedin
753 1268 995 1346 bomiues‚·hane
1007 1285 1131 1352 quoque
1141 1267 1348 1350 proprietatis
1359 1269 1499 1351 speciem

384 1357 627 1441 perpendemus,
645 1359 684 1423 de
698 1358 850 1425 servitute
864 1357 979 1426 acturi.
998 1357 1149 1432 Tandem,
1163 1373 1260 1438 quum
1271 1356 1340 1435 ipsa
1355 1356 1500 1424 bominis

385 1448 463 1522 vito,
476 1452 637 1529 tamquam
647 1446 788 1512 bominis
798 1445 989 1530 proprietas,
999 1445 1166 1528 aliquando
1175 1445 1283 1510 habita
1293 1445 1348 1520 sit,
1359 1447 1438 1527 quid
1447 1448 1500 1512 iu·

384 1536 429 1600 ris
444 1535 478 1603 in
493 1552 563 1601 eam
579 1537 628 1601 vel
643 1535 773 1618 pmvatis
788 1537 836 1620 vel
850 1535 990 1620 principi
1001 1537 1175 1616 competat,
1188 1533 1319 1602 summis
1333 1535 1447 1600 saltem
1461 1537 1501 1602 li-

463 1696 502 1773 (a)
518 1696 622 1770 Duplex
641 1695 790 1756 socialismi
809 1705 839 1756 et
851 1697 1045 1758 communicari
1064 1694 1151 1769 origo:
1170 1693 1302 1755 tamesis
1321 1701 1350 1758 et
1364 1695 1501 1772 pitisso-

463 1848 586 1904 Priorum
608 1847 779 1906 saeculorum
792 1847 944 1906 haereticos
963 1846 1122 1921 perstringit
1136 1851 1163 1903 s.
1174 1844 1350 1917 Epiphanius:
1370 1866 1382 1898 i
1398 1847 1457 1905 bicl
1471 1866 1501 1908 se

389 1923 554 1994 apostolicos
567 1922 721 1994 voluerunt,
731 1924 775 1996 qui
789 1931 817 1980 et
827 1925 1002 1998 apotacticos,
1013 1922 1084 1980 idest
1093 1925 1319 1987 renuntiatores,
1328 1921 1434 1993 seipsos
1447 1941 1501 1981 no·

390 1999 505 2054 minant:
521 1998 572 2055 boc
585 2000 655 2055 eninr
669 1999 815 2071 diligenter
827 1999 984 2072 observant,
1000 2014 1034 2056 ne
1048 1999 1194 2071 quidquam
1208 1995 1375 2067 possideant.
1394 2019 1407 2049 s
1425 1999 1501 2071 (Ad-

387 2089 462 2130 vers.
479 2076 630 2147 Haereses,
642 2073 662 2129 l.
675 2074 710 2146 ll,
719 2090 747 2130 c.
760 2073 876 2144 diioui
889 2089 968 2132 error
982 2071 1091 2130 maculo
1105 2073 1168 2130 lllll
1181 2072 1287 2129 revixit.
1295 2071 1361 2130 Vide
1372 2073 1499 2150 ilergier,

389 2151 480 2213 Dici„
495 2165 520 2204 v.
536 2148 737 2222 Apostoliques
750 2155 777 2206 et
790 2154 1010 2223 Apotastiques.
1021 2149 1064 2223 lli,
1076 2164 1128 2206 non
1138 2147 1199 2220 lege
1212 2147 1341 2218 naturali,
1353 2147 1401 2204 sed
1413 2164 1501 2207 evan·

389 2223 475 2295 gelica
485 2229 567 2294 atque
576 2225 724 2294 apostoliea
735 2225 912 2299 institutione,
921 2225 1062 2283 exclusam
1073 2226 1269 2295 proprietatem
1283 2223 1498 2283 arbitrabantur.

465 2298 747 2366 Omniumbaeresnm
761 2300 959 2357 instauratores
970 2299 1133 2371 pbilosopbi;
1148 2304 1176 2354 et
1191 2303 1353 2355 retianum
1367 2299 1500 2357 haereses

388 2387 422 2429 ex
437 2371 496 2443 ipsa
507 2375 623 2443 primum
633 2374 802 2446 philosophia
814 2380 1015 2433 emanaverunt.
1028 2375 1141 2431 Omissis
1151 2373 1281 2445 Platonis,
1290 2375 1419 2449 Lycurgi,
1432 2375 1501 2433 alio-

389 2463 504 2520 rumque
522 2455 564 2505 sat
577 2452 653 2505 vanis
673 2450 783 2521 ntopiis,
794 2449 842 2520 'vel
857 2449 965 2507 absonis
985 2455 1032 2506 aut
1046 2447 1116 2507 male
1136 2447 1280 2505 intellectis
1300 2449 1418 2522 legibus,
1435 2451 1457 2506 l.
1474 2451 1498 2506 1.

388 2524 527 2580 Rousseau
538 2530 630 2581 actum
642 2524 713 2580 illius
723 2525 768 2596 qni
776 2525 881 2594 primus
892 2526 1009 2599 aliquam
1015 2531 1105 2581 terrae
1116 2530 1220 2594 partem
1231 2523 1279 2580 sibi
1286 2524 1429 2581 exclusive
1439 2527 1500 2583 vin·

389 2598 536 2669 dicaverat,
551 2605 581 2655 ut
594 2614 697 2656 meram
711 2599 825 2656 damnat
835 2601 1050 2672 usurpationem,
1062 2615 1116 2671 qua
1126 2600 1217 2656 omnia
1235 2605 1298 2656 sunt
1307 2599 1401 2671 genita
1412 2598 1498 2675 mala,

388 2672 485 2746 illaque
504 2681 547 2731 est
561 2673 649 2731 ablata
662 2675 776 2732 felicitas
789 2674 824 2731 ad
838 2690 921 2748 quam
930 2676 1008 2732 bomo
1019 2675 1143 2731 conditus
1154 2682 1223 2744 erat,
1236 2675 1357 2730 nondum
1370 2674 1438 2732 inita
1452 2693 1500 2733 so·

386 2749 483 2804 cietate
495 2749 652 2822 (Roussasn,
664 2753 745 2807 Disc.
754 2765 806 2806 sur
815 2749 911 2823 l'ortp.
920 2757 948 2808 et
957 2747 1192 2826 tessendements
1201 2748 1238 2805 de
1249 2747 1413 2822 t'tne'paitte
1423 2767 1500 2823 pur·

388 2828 430 2880 mi
443 2823 484 2880 tes
496 2825 634 2891 intimes,
648 2832 719 2898 part.
736 2829 764 2898 2,
780 2841 825 2880 an.
838 2824 931 2897 1755.)
946 2826 1014 2881 ilinc
1026 2823 1123 2881 eodem
1138 2821 1245 2881 lubente
1258 2824 1380 2897 saeculo,
1393 2840 1498 2897 propu-

386 2899 488 2971 gnabat
506 2900 633 2974 Buboeul,
653 2899 835 2973 abrogandam
850 2901 983 2971 privatam
1003 2901 1207 2971 proprietatem,
1222 2906 1251 2956 et
1263 2914 1441 2956 communem
1455 2903 1499 2958 in·

387 2975 553 3031 stituendam
563 2991 623 3032 esse
630 2975 898 3048 administrationem,
907 2990 956 3046 per
969 2988 1051 3048 qnam
1062 2973 1130 3030 bona
1140 2975 1230 3030 omnia
1242 2976 1270 3032 in
1281 2989 1428 3032 commune
1439 2975 1499 3032 ool·

389 3048 442 3106 lata
462 3065 495 3106 ex
509 3066 595 3123 aequo
608 3051 732 3108 omnibus
745 3050 984 3108 distribuerentur.
1001 3050 1042 3120 (ln
1055 3051 1145 3106 biario
1156 3049 1184 3106 ie
1200 3050 1309 3107 ibidum
1320 3047 1364 3106 du
1372 3050 1495 3125 persple,

388 3140 417 3196 p.
437 3125 488 3182 187
504 3126 570 3200 etc.)
585 3126 646 3198 Alii,
662 3127 762 3184 nostris
781 3125 961 3198 temporibus,
976 3124 1077 3182 veilent
1090 3131 1120 3181 ut
1134 3123 1288 3182 distributio
1308 3125 1389 3181 lieret
1402 3127 1449 3182 vel
1461 3142 1498 3183 ex

388 3215 488 3272 aequo,
505 3200 547 3258 vel
565 3217 614 3272 pro
628 3205 751 3266 meritis,
766 3201 810 3257 vel
823 3216 874 3272 pro
887 3199 1057 3274 singulorum
1070 3203 1254 3259 necessitate.
1268 3201 1359 3274 Certa,
1372 3199 1440 3272 ipsis
1454 3202 1498 3259 iu·

388 3276 491 3334 dicibus
504 3284 584 3350 atque
597 3276 871 3340 administratoribus.

464 3351 496 3406 ln
510 3347 692 3410 consocianda
706 3353 841 3408 haeretica
851 3357 879 3408 et
889 3349 1074 3423 philosophica
1087 3349 1202 3423 insania,
1216 3348 1302 3406 altero
1311 3363 1422 3422 qnoque
1434 3365 1496 3408 sae·

308 3436 312 3444 ¹
390 3425 460 3496 culo,
482 3426 676 3483 adlaborarunt
688 3428 907 3499 Sensimonistae,
924 3441 1040 3498 quorum
1053 3425 1140 3497 prima
1153 3430 1215 3482 erat
1226 3426 1280 3498 lex,
1290 3423 1454 3482 hereditatis
1465 3441 1497 3482 a·

389 3499 491 3570 bolitio,
507 3508 538 3556 ut
553 3501 708 3572 respublica
722 3503 747 3557 in
758 3503 878 3559 omnium
891 3500 1006 3559 tandem
1018 3502 1089 3558 bona
1099 3499 1270 3559 succederet.
1280 3499 1345 3556 Inde
1358 3515 1449 3572 usque
1462 3500 1498 3558 ad

389 3588 449 3644 nos,
465 3575 517 3630 alia
531 3574 718 3632 inclaruerunt
733 3579 852 3648 nomina,
866 3576 981 3633 Carolus
994 3577 1117 3649 Fourier,
1132 3576 1267 3632 liebertus
1282 3576 1380 3643 Owen,
1396 3576 1497 3633 Petrus

388 3649 506 3721 Leronx,
521 3651 666 3706 Proudbon
679 3657 747 3724 ete,
763 3652 867 3724 aliaque
881 3656 1039 3727 systemata,
1054 3665 1171 3723 quorum
1189 3651 1309 3722 patroni,
1329 3649 1495 3724 Utilitarii,

389 3726 608 3791 Humanttortt,
628 3725 807 3800 Civertistae,
822 3727 984 3804 proletarii
996 3732 1052 3785 etc.
1064 3727 1190 3785 Omnium
1200 3725 1352 3783 communis
1365 3723 1499 3784 ideazso·

387 3797 523 3854 cialismus
536 3805 565 3855 et
577 3800 805 3857 Communismus.

463 3874 536 3944 Lege
550 3875 647 3932 borum
667 3877 809 3934 historiam
822 3876 847 3934 in
859 3874 1000 3948 operibus:
1017 3878 1147 3938 fflstoire
1164 3873 1206 3934 dit
1222 3875 1441 3932 Commvntsme
1458 3891 1498 3932 osc

388 3945 716 4023 rtjtstmtonitstortpue
724 3951 774 4009 des
782 3957 894 4026 ectopies
904 3951 1065 4009 socieltstes
1072 3953 1292 4024 perblmtnrnsn
1299 3951 1496 4023 sunamitidi.

388 4049 428 4066 -
439 4022 547 4080 Etodes
559 4041 613 4081 sur
624 4026 666 4083 les
677 4028 896 4101 Resormateurs
906 4043 944 4084 ou
952 4025 1120 4085 Socialistes
1130 4025 1280 4085 moderata
1290 4041 1352 4100 por
1365 4025 1403 4082 ll.
1413 4026 1498 4083 Lours

388 4097 524 4171 Rsrnrno,
545 4100 626 4156 retr.
641 4103 761 4169 Quorum
775 4102 827 4157 etsi
841 4117 896 4158 non
908 4103 1000 4158 omnia
1013 4100 1152 4173 probanda
1167 4104 1233 4175 sint,
1246 4100 1335 4173 aliqua
1349 4115 1418 4157 vero
1431 4115 1499 4171 pro·

366 4239 369 4246 ἵ
387 4172 585 4229 testantismum
600 4178 716 4248 sapiant,
730 4176 844 4247 plurima
856 4184 947 4233 tamen
960 4192 1024 4232 vera
1037 4177 1178 4248 descripta
1191 4176 1375 4233 inveniuntur.
1389 4176 1445 4233 Sed
1457 4177 1500 4232 ni·

388 4245 425 4304 bil
440 4247 540 4304 rectius
558 4255 638 4322 atqua
652 4250 762 4308 uberius
782 4252 936 4324 evulgatum
950 4250 1082 4308 bactenus
1095 4251 1154 4325 luit,
1170 4265 1251 4325 quam
1270 4249 1410 4307 eruditum
1427 4266 1498 4322 opus

388 4320 513 4378 Emiliani
526 4323 602 4381 Delia
615 4327 710 4382 llotta:
725 4329 831 4400 Saepto
850 4326 967 4383 intorno
982 4323 1015 4383 al
1027 4326 1209 4392 Sociatismo,
1230 4324 1318 4383 salte
1330 4323 1464 4384 dcttrine
1483 4339 1500 4382 e

388 4395 527 4455 lesciense
540 4399 744 4467 socialisticlre
759 4402 804 4458 ubi
818 4416 928 4458 errores
946 4401 1002 4458 iere
1016 4416 1120 4475 omnes,
1136 4401 1234 4474 quibus
1246 4413 1319 4457 nunc
1332 4400 1458 4472 privatae
1471 4405 1500 4458 et

388 4472 513 4544 publicae
527 4475 721 4550 perturbantur
735 4475 903 4552 disciplinae,
913 4479 1047 4534 acerrima
1056 4477 1153 4549 ingenii
1164 4478 1187 4535 vi
1198 4475 1376 4536 declarantur
1390 4482 1420 4534 et
1432 4489 1500 4548 pro·

385 4553 521 4608 teruntur.
