3168 5282
441 320 485 388 lb
887 329 1021 392 ameni.

396 484 533 567 reliquas
547 482 692 548 homines
707 481 828 547 institia
838 487 866 546 et
878 476 1101 546 benevolentia.
1117 474 1203 540 llaec
1218 471 1383 539 rationalis
1397 470 1525 536 ordinis

395 589 529 648 summa,
547 576 641 653 atque
658 571 850 636 naturalium
864 569 1040 634 officiarum
1054 563 1168 630 divisio
1179 567 1213 626 et
1224 562 1342 643 capita:
1361 561 1482 643 retiqe‘o
1494 561 1524 623 in

395 662 510 734 Deum;
527 662 669 726 honestae
684 659 719 724 iu
733 661 883 743 seipsum
901 659 936 723 in
952 673 1063 723 ornnes
1076 652 1222 720 homines
1237 652 1359 716 institia
1379 655 1418 714 et
1435 650 1526 714 bene-

396 749 532 816 volentia
556 767 598 816 o.

485 746 771 904 niobe)uoehmero
786 835 930 901 iustitiae
947 832 1049 898 officia
1065 831 1104 896 ael
1115 829 1302 894 societatem
1316 828 1469 892 sufficere
1481 828 1526 892 vi-

394 942 428 990 sa
443 926 520 1003 sint,
538 931 662 992 canstat
677 932 797 1001 tamen,
814 922 930 1007 spretis
943 919 1179 986 benevolentiae
1195 922 1228 983 et
1242 916 1462 981 humanitatis
1477 917 1526 980 al-

396 1014 487 1090 liciis,
502 1015 621 1080 nullam
633 1015 716 1081 vitae
727 1012 1009 1098 pulchritudinem,
1020 1027 1078 1074 nec
1090 1025 1212 1090 pacem,
1227 1022 1263 1070 ac
1274 1010 1454 1087 propterea
1468 1023 1525 1069 ner

394 1104 578 1170 societatem
594 1104 627 1169 in
642 1103 777 1180 lamilia,
794 1102 843 1169 vel
857 1098 1063 1174 civitatensi
1078 1095 1216 1177 imperia
1232 1095 1523 1168 consistere.Nam,

395 1192 464 1259 sine
479 1198 589 1259 mutuo
606 1191 901 1270 amoremominum
916 1189 1010 1254 corda
1027 1183 1360 1268 rigescerent,iustitia
1376 1183 1452 1247 siue
1468 1185 1527 1248 hu-

396 1283 549 1348 manitate
564 1281 687 1346 saevior
708 1282 865 1354 evaderet,
882 1282 1049 1361 spretaque
1072 1271 1292 1339 benevolentia
1315 1271 1524 1350 inimicitias,

396 1369 498 1456 iurgia
509 1377 543 1437 et
556 1368 687 1435 iniurias
699 1370 878 1436 adduceret.
888 1367 1017 1434 Rectius
1028 1362 1152 1438 Cicero,
1163 1377 1273 1427 amnes
1284 1361 1432 1426 naturali
1445 1381 1528 1444 qua·

396 1461 470 1528 dam
489 1459 683 1544 lndnlqente'a
699 1468 727 1524 et
742 1456 965 1534 benevolentia,
993 1460 1062 1520 tum
1077 1452 1175 1544 etiarn
1190 1450 1333 1515 eoetetoa
1347 1451 1435 1516 ineis
1451 1469 1529 1516 con-

192 1549 215 1626 ¹l
237 1553 280 1610 ⁰⁶
294 1553 374 1628 lta.
396 1549 491 1619 lineri
504 1549 677 1616 edisserens
686 1547 729 1636 1).
745 1548 863 1616 Seneca
875 1561 960 1610 vero:
974 1543 1105 1623 «Quam
1116 1543 1247 1621 angusta
1259 1538 1449 1604 innocentia
1463 1547 1525 1616 est,

149 1629 170 1703 ¹2
193 1630 234 1688 ¹³·
397 1638 436 1706 ad
453 1643 552 1723 legem
568 1639 686 1705 bonum
701 1634 779 1706 essel
797 1637 924 1717 Quanta
941 1632 1045 1708 latius,
1070 1629 1249 1695 officiorum
1263 1645 1358 1710 quam
1372 1629 1462 1693 iuris
1478 1648 1529 1694 re·

396 1728 480 1812 galal
498 1730 602 1810 Quam
617 1729 729 1804 multa,
746 1726 860 1810 pietas,
876 1721 1069 1796 humanitas,
1087 1716 1275 1791 liberalitas,
1290 1717 1430 1793 iustitia,
1447 1719 1527 1784 tides

195 1821 221 1890 t)
248 1825 290 1884 De
313 1825 375 1900 lea,
397 1819 540 1900 exigunt,
557 1834 637 1900 quae
652 1817 759 1882 amnia
775 1819 865 1880 extra
880 1810 1021 1892 publicas
1036 1806 1158 1874 tabulas
1171 1802 1256 1870 sunt!
1275 1803 1348 1888 2).»
1364 1807 1524 1891 Ideoque,

152 1895 187 1972 ΙΙ,
204 1896 251 1958 ²⁷·
398 1904 460 1970 nisi
474 1904 658 1987 adscriptas
674 1905 770 1986 leges,
784 1901 834 1967 lex
846 1899 983 1982 amplior
997 1903 1128 1966 naturae
1144 1895 1283 1969 accedat,
1299 1915 1317 1954 «
1331 1893 1387 1959 ubi
1405 1896 1528 1962 libera-

398 1991 470 2058 litas
484 1991 558 2068 arlt,
575 1991 629 2056 ubi
646 1993 768 2073 patriae
783 1987 931 2061 ahenas,
948 1988 1004 2052 ubi
1019 1987 1132 2068 pietas,
1154 1983 1210 2047 ubi
1226 1988 1281 2048 aut
1296 1984 1377 2048 bene
1394 2002 1527 2052 meren-

398 2079 431 2146 di
440 2081 478 2146 de
488 2079 659 2156 alternant
668 2077 849 2147 reserandae
860 2075 981 2158 gratiae
990 2071 1133 2142 voluntas
1145 2073 1265 2155 poterit
1276 2073 1430 2138 existere?
1439 2077 1525 2142 Nam

398 2167 476 2236 baec
491 2173 658 2234 nascentur
673 2185 713 2234 en
728 2185 766 2233 eo
781 2167 864 2249 quod
876 2181 1008 2232 ananan
1024 2179 1181 2230 raorunsr
1197 2178 1293 2230 sruus
1308 2179 1354 2228 nu
1369 2180 1529 2232 arenaun-

198 2269 225 2342 a)
251 2269 309 2330 cto.
336 2269 379 2328 De
402 2273 462 2324 uos
477 2273 637 2324 nouenae:
655 2273 745 2334 anon
760 2270 1019 2322 imminuerunt
1034 2267 1094 2318 ner
1109 2267 1192 2317 runis
1204 2247 1271 2334 3).»

157 2347 237 2422 Lep,
254 2346 275 2422 t,
295 2345 338 2404 tt.
491 2345 551 2410 ΙΙΙ.
570 2344 721 2412 Collectio
738 2343 923 2420 officiorum,
941 2360 980 2408 ex
995 2341 1117 2422 triplici
1140 2338 1194 2403 illa
1209 2338 1378 2414 relatione,
1397 2345 1473 2406 turn
1490 2361 1527 2407 ex

404 2433 554 2514 luganitis
571 2432 751 2500 notionibus
766 2432 1011 2515 erumpentium,
1036 2447 1102 2503 nux
1124 2444 1308 2494 alrannus
1327 2429 1524 2510 appellatur.

403 2539 481 2606 quaa
499 2527 667 2604 propterea
684 2527 731 2587 est
747 2521 797 2586 lex
812 2521 954 2588 omnium
975 2518 1179 2601 amplissima,
1198 2521 1439 2602 ceterarumque
1454 2521 1526 2584 fons

403 2607 436 2678 at
451 2613 622 2694 aeternales,
647 2629 743 2694 quum
758 2627 797 2674 ex
812 2610 879 2692 ipsa
895 2607 1113 2693 proficiscatur
1127 2605 1252 2672 ratione
1268 2607 1375 2674 omnia
1392 2627 1526 2674 moven-

401 2697 442 2764 tls
459 2702 491 2764 at
507 2699 708 2778 gubernantis
724 2697 796 2766 Dei.
1330 2760 1334 2766 .

491 2787 548 2854 lV.
566 2788 650 2854 llaec
667 2787 718 2854 lex
732 2786 853 2853 existit.
866 2785 962 2863 Nam,
975 2789 1011 2850 ut
1023 2783 1087 2849 iam
1098 2784 1522 2867 demonstratacolligarnus,

404 2873 436 2940 l.
455 2874 570 2943 Existlt
588 2877 637 2942 lex
652 2881 791 2952 aeterna,
816 2873 882 2940 sive
896 2875 980 2941 ratio
994 2875 1110 2938 summi
1128 2875 1200 2940 Dei.
1227 2876 1262 2940 2.
1287 2869 1348 2940 Per
1362 2873 1525 2959 ingenitas

403 2962 550 3048 cuiusque
567 2965 645 3041 veri,
663 2965 801 3048 bonique
815 2963 974 3044 nationes,
990 2963 1042 3028 illa
1054 2964 1273 3040 inmentibus,
1286 2968 1319 3029 et
1329 2963 1363 3027 in
1376 2966 1525 3030 coraibus

402 3051 567 3120 bominum
584 3053 737 3137 inscripta
749 3053 901 3132 est,unde
914 3071 988 3120 vere
1005 3053 1045 3118 ad
1060 3053 1166 3120 omnia
1181 3053 1323 3122 iustitiae
1338 3057 1371 3117 et
1387 3052 1526 3121 benevo-

403 3141 519 3210 lentiae
536 3143 636 3212 oblata
652 3161 826 3220 movemur,
844 3148 877 3210 et
892 3142 1012 3210 conditi
1027 3161 1144 3208 sumus.
1170 3139 1203 3207 3.
1221 3142 1313 3207 litam
1329 3141 1418 3223 quasi
1436 3143 1471 3207 in
1490 3143 1526 3208 ti-

403 3231 461 3296 bra
479 3231 556 3298 lucls
571 3240 717 3300 aeternae
732 3236 941 3318 perlegentes,
960 3235 1067 3299 mente
1083 3231 1304 3320 conspicimus,
1319 3231 1453 3313 eiusque
1466 3234 1526 3298 irn-

405 3320 527 3402 perlum
543 3327 611 3390 toto
636 3323 744 3389 animo
761 3322 984 3404 persentimus,
1009 3321 1084 3384 duni
1106 3319 1144 3382 ad
1160 3319 1297 3382 alliciam
1311 3325 1416 3396 vocat,
1443 3323 1492 3388 vel
1509 3341 1524 3386 a

403 3409 512 3474 lrauda
527 3411 678 3476 deterret.
696 3407 729 3476 lt.
748 3411 851 3485 Illam,
866 3411 949 3474 vitae
960 3409 1083 3478 duceni,
1097 3405 1238 3476 nondum
1248 3403 1373 3486 scriptis
1387 3410 1522 3492 legibus,

402 3501 525 3560 secutm
540 3502 613 3562 sunt
629 3497 851 3562 benemoratae
865 3501 987 3576 gentes,
1004 3495 1132 3574 ubique,
1151 3497 1185 3557 et
1198 3496 1334 3576 semper.
1349 3495 1382 3560 5.
1397 3503 1428 3562 A
1441 3502 1522 3576 Deo,

403 3583 457 3666 qui
473 3601 546 3648 vare
562 3601 640 3650 unus
656 3587 702 3648 est
717 3588 839 3658 auctor,
857 3601 937 3647 unus
951 3587 1069 3656 rector,
1083 3599 1162 3646 unus
1174 3583 1361 3665 imperator,
1375 3591 1523 3668 regendi,

403 3678 495 3756 atqua
510 3672 688 3756 imperandi
703 3671 936 3748 auctoritatem,
954 3671 1119 3758 legumque
1131 3661 1323 3756 aequitatem
1335 3691 1368 3737 se
1378 3674 1525 3744 desume·

404 3779 438 3828 re
456 3761 586 3844 ptolessi
602 3767 674 3830 sunt
689 3765 845 3844 quotquot
860 3762 997 3845 populis,
1016 3762 1062 3828 val
1075 3761 1221 3844 gentibus
1233 3763 1300 3826 iura
1313 3763 1522 3844 scripserunt:

403 3849 437 3918 b.
457 3851 587 3929 Revera,
612 3855 718 3918 amato
731 3868 854 3917 summo
869 3851 1059 3935 imperante,
1086 3851 1167 3917 nihil
1182 3857 1230 3938 est
1245 3851 1328 3916 unde
1343 3851 1524 3934 imperandi

402 3940 466 4006 vim
478 3940 625 4007 immines
640 3940 802 4019 hauriant,
819 3946 930 4007 natura
945 3942 1059 4032 ceteris
1073 3941 1256 4007 haminibus
1271 3958 1375 4023 parea
1389 3947 1423 4007 et
1433 3946 1525 4011 simi-

455 4102 498 4174 la]
512 4102 608 4162 Olllcis
620 4107 757 4162 tuaene
768 4103 899 4162 dicantur
909 4104 1053 4179 perfecta,
1062 4110 1196 4178 quatenus
1210 4103 1351 4161 iuridicam
1371 4103 1411 4161 vel
1425 4113 1521 4166 enter·

404 4193 467 4238 aem
479 4178 570 4252 legum
583 4179 751 4238 sanctionem
765 4177 1010 4252 accipiant.0tlieia
1022 4195 1087 4237 vero
1099 4179 1312 4238 benevolentes
1325 4179 1455 4238 dicuntur
1466 4189 1523 4242 im·

402 4256 546 4330 perfecta,
561 4271 613 4312 aon
628 4255 699 4328 quod
713 4256 812 4312 minari
823 4256 847 4312 ri
862 4255 992 4329 palleant,
1002 4255 1051 4314 sed
1061 4254 1134 4328 qaod
1147 4261 1289 4312 externam
1302 4257 1473 4324 mentionem
1485 4260 1522 4318 el·

309 4381 313 4390 ,
406 4332 521 4404 tugiunt,
542 4337 570 4387 et
589 4330 702 4402 imperio
715 4329 799 4387 solius
812 4338 924 4388 naturae
939 4339 1058 4403 pateant.
1070 4332 1189 4405 Utraque
1202 4346 1237 4388 ex
1249 4347 1282 4388 ea
1297 4333 1520 4406 proficiscuntur,

406 4405 479 4480 quod
489 4408 572 4463 ceteri
583 4407 703 4464 homines
717 4421 769 4463 aon
783 4405 881 4465 media
893 4406 969 4464 uobis
981 4409 1034 4467 sint
1047 4406 1081 4464 ad
1093 4409 1244 4479 propositos
1253 4408 1520 4482 braesassequendos,

407 4480 546 4616 setllluqbis
564 4482 665 4542 slmiles
684 4489 712 4542 et
724 4481 862 4560 aequales,
884 4481 979 4542 iisdem
996 4498 1098 4557 nempe
1118 4483 1232 4560 iuribus,
1254 4481 1404 4566 eademque
1424 4492 1520 4543 autam

402 4574 441 4631 po
462 4573 495 4615 en
508 4571 548 4615 es.
