3224 5282
563 374 769 426 rrrmusxu.
1140 357 1184 430 89

102 519 149 584 uis
165 525 261 603 atque
275 520 396 586 excelsa
411 519 528 602 poesis,
560 522 661 589 ualem
673 521 823 588 exhibent
834 520 951 590 Milton
967 528 999 589 et
1008 522 1224 606 Allighierius.

100 609 177 672 lure
193 609 294 691 igitur
307 617 340 676 et
356 609 440 679 luto
455 541 601 676 civilibus
625 612 755 694 populis.
767 611 854 675 unus
870 617 1011 694 superest
1020 607 1227 680 ¹Christianis-

100 714 184 771 mus,
198 699 286 762 cuius
298 698 408 763 Sectae
419 699 454 761 in
469 716 503 762 se
518 701 631 764 mortis
643 700 881 766 damnationem
893 701 1080 776 intulerunt,
1094 719 1166 766 cum
1178 703 1225 767 vel

101 787 250 866 acapitc,
258 787 307 850 rel
316 786 500 863 adoctrina,
512 787 559 852 vel
569 788 607 851 ab
615 793 753 870 utroque
764 789 857 852 simul
867 789 1067 856 defecissent.
1075 789 1226 855 Omnium

101 879 353 1027 autemreefirores
367 893 464 959 quum
479 876 656 959 collegisset
664 878 958 953 Protestantismus,
975 878 1007 941 in
1021 879 1088 961 ipso
1101 879 1227 944 univor-

100 981 153 1026 sos
168 981 206 1026 re
262 981 361 1028 emus.

193 1053 253 1117 lll.
272 1053 329 1117 Est
340 1051 440 1135 igitur
449 1029 741 1129 Protestautismus,
752 1054 929 1135 multiplea,
941 1055 1103 1119 meatuum
1117 1057 1228 1120 iuuen—
1340 1059 1343 1064 '

101 1150 182 1218 tum,
202 1143 243 1205 od
255 1141 549 1224 rruttomretigionis
561 1142 609 1206 uel
621 1144 774 1208 societatis
786 1145 925 1228 [ormam
936 1144 1133 1210 constitutus.
1144 1145 1226 1209 llinc

102 1229 224 1310 triplex
239 1229 428 1313 propositio.

193 1317 252 1382 lV.
270 1319 391 1394 Primo,
410 1325 452 1382 est
468 1317 648 1400 multiplex:
665 1338 736 1404 erpo
753 1340 819 1386 non
834 1328 878 1385 est
892 1321 1021 1386 ueritus.

192 1406 235 1472 V.
253 1407 507 1473 Protestantibus
521 1406 582 1472 lroc
596 1409 696 1473 solum
722 1427 902 1482 commune,
919 1410 955 1473 iu
970 1408 1148 1473 Romanam
1163 1409 1226 1474 Ec-

101 1493 233 1558 clesium
245 1496 428 1575 protestari·
443 1496 538 1571 unde,
556 1514 574 1560 a
596 1497 706 1579 Spirae
729 1498 881 1574 comitiis,
900 1499 1152 1563 Protestantium
1169 1516 1226 1562 no·

100 1584 192 1646 minc
205 1584 422 1666 designantur.
440 1585 525 1650 llaec
540 1603 636 1666 quum
663 1587 808 1667 negativa
828 1586 870 1650 sit
886 1585 1069 1668 appellatio,
1089 1585 1169 1649 nihil
1185 1587 1224 1650 de

82 1671 248 1736 'doctrina
263 1673 456 1752 significans,
467 1672 583 1738 fnestra
594 1680 746 1756 punctum
757 1691 898 1756 quaeras,
908 1674 942 1736 in
959 1691 1021 1754 quo
1036 1691 1146 1737 omnes
1161 1692 1225 1738 una

97 1761 162 1824 lide
178 1765 234 1828 aut
251 1762 383 1826 veritate
397 1761 599 1840 colligantur.
618 1759 751 1826 Privato
765 1764 854 1826 enim
869 1763 997 1826 inducto
1013 1763 1172 1837 acumine,
1192 1763 1224 1826 id
1259 1831 1264 1838 ,
1355 1831 1360 1842 ‚

96 1849 234 1930 quisque
249 1849 350 1914 credit
364 1851 449 1933 quod
464 1849 525 1913 sibi
541 1851 694 1927 videatur,
712 1850 778 1916 sive
792 1853 948 1914 rationem
968 1851 1139 1932 praeierat,
1158 1853 1223 1915 sire

92 1939 262 2016 priuatum
278 1938 529 2018 inspiratum,
555 1940 643 2002 omrai
659 1939 897 2030 (sacris-litteris
911 1937 1072 2024 exceptis),
1090 1944 1221 2005 externa

95 2027 292 2092 auctoritate
305 2031 501 2107 contempta.
753 2053 756 2059 ·

188 2115 248 2180 Vl.
267 2115 371 2180 Sacris
386 2120 492 2180 autem
509 2105 626 2182 litteris
641 2121 761 2182 certam
777 2116 932 2180 adhibere⁴
942 2116 1049 2192 tidem,
1067 2115 1136 2180 sine
1152 2117 1223 2182 vivo
1344 2179 1346 2184 .

95 2201 300 2284 magisterio,
319 2204 408 2268 cuius
423 2205 612 2271 auctoritate
636 2205 709 2269 illae
724 2204 939 2286 proterantur,
958 2222 1049 2269 verae
1065 2208 1098 2269 et
1113 2207 1224 2286 genui-

94 2309 192 2356 naeu
209 2290 300 2355 loisis
312 2296 344 2358 et
359 2293 517 2377 corruptis
530 2299 746 2368 secernantur,
765 2299 859 2375 atque
882 2293 915 2356 in
933 2285 1071 2358 obscuris
1086 2295 1220 2360 authen·

94 2381 160 2445 tice
173 2377 438 2462 interpretentur;
452 2387 501 2447 est
516 2381 721 2465 impossibile.
735 2382 934 2468 Impossibile
945 2383 1031 2446 enim
1043 2387 1090 2446 est
1102 2387 1137 2446 ut
1150 2384 1221 2463 qui·

95 2469 190 2543 libet,
209 2469 257 2533 vel
270 2469 426 2544 indoctus,
440 2471 559 2537 indicet
570 2489 610 2536 ex
624 2488 658 2535 se
669 2472 738 2553 ipso
752 2472 882 2553 quinam
894 2471 967 2535 libri
979 2472 1044 2559 sint
1054 2470 1167 2545 divini,
1185 2489 1221 2535 ac

94 2558 329 2622 sententiarum
343 2560 510 2624 veritatem
531 2578 572 2625 ex
590 2561 710 2642 graecis
731 2561 778 2625 vel
794 2557 948 2624 hebraicis
963 2561 1104 2624 lontibus
1124 2560 1222 2625 attin-

93 2651 163 2728 gat:
181 2647 210 2710 si
225 2651 331 2712 autem
346 2647 578 2713 traductoribus
589 2648 707 2724 credat,
723 2649 786 2713 iam
803 2649 984 2714 auctoritati
1000 2649 1114 2722 credit,
1128 2667 1222 2730 quam

94 2736 226 2818 repellit
241 2735 536 2802 Protestautismus.
554 2737 614 2804 Sed
629 2744 709 2812 esto,
726 2736 895 2818 originalia
907 2738 1073 2819 compellet
1089 2738 1224 2802 volumi-

94 2842 149 2888 na:
169 2824 324 2906 numquid
338 2825 395 2888 illa
411 2824 594 2893 immediate
608 2825 703 2891 habet
726 2844 743 2889 a
760 2826 850 2892 Deo?
866 2827 1018 2909 numquid
1040 2825 1222 2890 hominibus

95 2931 160 2978 non
173 2917 222 2988 cst
230 2913 434 2989 credendum,
445 2914 501 2978 illa
509 2915 572 2979 lata
580 2933 648 2980 esse
659 2914 849 2982 auctoritate
860 2914 1134 2996 divinallnsuper,
1145 2934 1224 2996 quo-

95 3002 194 3066 modo
220 3001 365 3066 lallibilis
387 3001 484 3066 homo
505 2993 687 3087 Scripturas
710 3001 923 3067 infallibiliter
943 3002 1224 3084 interpretabitur?

97 3090 161 3155 Vel
176 3089 203 3153 si
220 3088 392 3171 Scripturis
403 3092 534 3156 omnino
546 3091 820 3167 credendum,·cur
835 3089 899 3154 illis
911 3091 1006 3158 tidem
1019 3095 1135 3173 negant
1147 3091 1225 3155 Pro·

97 3182 264 3253 testantes,
283 3179 371 3244 Petri
388 3184 421 3245 ct
435 3179 605 3256 Ecclesiae,
624 3181 659 3244 in
675 3180 816 3246 docendo
828 3197 864 3244 ac
875 3179 1068 3254 deliniendo,
1086 3180 1224 3245 auctori-

97 3272 199 3332 tatem
216 3267 446 3342 asserentibus?
455 3268 664 3350 Quocumque
680 3273 712 3334 te
727 3270 842 3343 volvas,
858 3267 940 3332 nihil
952 3267 986 3331 in
999 3267 1225 3332 Protestantis·

99 3373 153 3420 mo
170 3355 235 3420 nisi
252 3355 453 3436 negationem
462 3363 494 3422 et
506 3357 732 3423 absurditatem
744 3357 1051 3423 invenies.Attamen
1063 3355 1145 3420 iacta
1158 3359 1226 3419 erat

98 3446 180 3519 alea,
207 3450 241 3508 et
256 3445 388 3510 disiecta
403 3445 518 3526 capitis
533 3445 738 3520 auctoritate,
756 3449 806 3510 tot
829 3445 863 3509 in
878 3463 941 3508 uno
962 3443 1224 3526 protestantismo

98 3537 191 3598 erant
205 3533 391 3614 religiones,
404 3539 481 3617 quot
496 3540 617 3601 mentes
631 3534 680 3600 vel
700 3534 839 3615 linguae,
855 3533 954 3597 donec
978 3533 1063 3596 nulla
1079 3536 1160 3597 esset
1175 3549 1226 3595 re-

100 3621 191 3703 ligio:
209 3640 289 3704 quae
306 3629 435 3688 nonest
451 3623 588 3705 partium
604 3622 781 3698 dissolutio,
798 3622 851 3687 scd
864 3621 1009 3686 omnium
1021 3621 1056 3685 iu
1070 3621 1141 3704 fidei
1152 3621 1226 3702 uut-

99 3719 162 3774 tctc
177 3711 343 3775 consensio
359 3729 395 3776 ac
410 3713 586 3792 religatio·
754 3786 760 3796 ,

189 3799 265 3863 Vll.
283 3800 458 3882 Erumpens
469 3798 725 3867 Protestentismi
733 3799 898 3865 dissolutio
910 3798 974 3863 iarn
983 3797 1175 3862 inclaruerat
1187 3795 1227 3859 ab

96 3885 211 3960 initio.
221 3888 391 3968 zwinglius
407 3890 446 3952 ad
457 3889 644 3954 Lutherum:
659 3909 676 3948 n
691 3888 726 3954 Si
741 3889 860 3953 diutius
872 3888 998 3954 steterit
1008 3887 1153 3961 mundus,
1167 3886 1227 3950 ite-

101 3993 172 4038 rum
188 3975 253 4039 erit
269 3978 490 4053 necessarium,
504 3985 633 4060 propter
647 3975 784 4042 diversas
796 3977 976 4060 Scripturas
989 3975 1227 4059 interpretatio-

101 4081 155 4136 nes
170 4083 252 4147 quae
268 4083 350 4129 nunc
365 4071 449 4141 sunt,
468 4066 771 4131 adconservandam
786 4067 861 4130 lidei
877 4059 1047 4142 unitatem,
1064 4069 1099 4130 ut
1114 4061 1228 4129 Conci-

100 4151 216 4216 liorum
230 4154 356 4217 decreta
368 4155 568 4238 recipiamus,
579 4159 673 4238 atque
685 4156 725 4219 ad
734 4174 770 4220 ea
782 4155 1012 4237 confugiamus.
1029 4177 1047 4216 n
1061 4152 1228 4220 Confiden-

10 4263 16 4284 ·
101 4242 230 4305 toralia
247 4243 351 4324 inquit
374 4245 508 4327 epistola
530 4243 712 4310 Theodorus
727 4246 820 4310 Beza:
841 4265 858 4304 u
875 4245 1090 4308 Exercuemnt
1106 4259 1158 4305 me
1173 4241 1227 4305 diu

100 4336 133 4394 et
147 4330 285 4394 multum
302 4331 375 4395 illae
392 4335 478 4417 ipsae
494 4345 569 4415 quas
585 4332 736 4397 describis
758 4331 978 4414 cogitationes:
996 4330 1088 4396 video
1104 4335 1228 4395 nostros

98 4419 242 4502 palantes
251 4421 340 4483 omni
350 4421 512 4489 doctrinae
522 4426 616 4487 vento
625 4427 657 4486 et
666 4421 698 4484 in
709 4422 809 4487 altum
817 4421 967 4494 sublatos,
978 4420 1072 4485 modo
1082 4421 1119 4483 ad
1132 4419 1224 4493 hanc,

99 4507 193 4572 modo
209 4508 248 4573 ad
266 4509 354 4573 illam
367 4515 491 4591 partem
507 4509 640 4575 deterri.
654 4511 773 4576 Horum
785 4510 920 4594 quaesit
935 4510 1030 4574 hodic
1046 4510 1084 4573 de
1100 4507 1228 4586 religio·

99 4614 140 4660 ne
153 4597 328 4674 sententia,
342 4599 423 4665 scire
439 4599 570 4666 tortasse
586 4599 700 4684 possis,
716 4593 771 4666 sed
787 4616 867 4681 quae
879 4617 947 4664 cras
962 4598 1124 4748 dei2cadenr
1143 4595 1227 4660 lutu-
