3222 5282
597 312 780 374 rrruunsu.
1011 267 1015 274 Δ
1158 294 1199 358 ll

125 466 199 532 iieri
216 479 307 546 posse
323 461 441 544 duplici
458 460 564 526 modo:
580 477 639 541 per
654 460 901 540 impressionem,
919 462 951 528 el
967 475 1023 544 per
1037 458 1245 526 illmnlnetin·

124 573 210 620 nem.
228 553 338 619 Primo
354 569 412 633 per
429 549 669 632 impressionem
685 549 771 614 illius
784 548 919 634 primae,
938 552 1147 630 aeternaeque
1163 549 1244 616 veri-

126 644 205 709 tatis
220 643 255 706 iu
270 643 393 706 animas
416 639 597 716 rationales,
616 638 716 704 ierme
732 655 771 704 eo
787 638 894 714 modo,
912 657 975 720 quo
991 655 1030 704 ex
1046 638 1151 720 primo
1166 642 1243 721 typo

124 733 209 797 aliae
225 736 319 812 atque
331 728 413 796 aliae
428 727 583 814 imagines
592 727 793 809 evrdgantum
806 726 920 792 deinde
931 744 989 809 per
1003 726 1103 793 divini
1116 726 1244 790 luminis

122 819 368 892 immissionem,
384 816 479 902 sicuti
494 833 534 881 cx
548 833 610 880 una
626 815 767 881 huminis
781 815 863 882 laoie
875 815 981 897 plures
992 815 1027 880 in
1042 815 1178 899 speculis
1194 833 1243 880 re·

126 911 301 975 flectuntur
311 906 479 987 imagines,
496 905 581 970 illius
591 905 835 971 similitudinem
850 905 1025 970 relerentes
1042 903 1099 986 1).-
1305 914 1328 987 l)
1349 914 1377 972 S.
1395 913 1487 972 Thous.

136 1047 140 1058 .
215 998 277 1065 lx.
294 997 338 1063 Ut
348 995 448 1062 divini
460 994 590 1078 luminis
601 993 787 1059 effusionem
799 994 930 1075 propius
940 993 1243 1075 comprehendamus
1263 988 1321 1063 Iol·
1334 990 1448 1061 aqum
1460 1007 1488 1064 tl·

122 1084 451 1159 animadvertendum,
461 1083 559 1165 quod,
569 1083 650 1149 sicut
660 1083 695 1149 iu
707 1077 825 1148 mundo
838 1082 969 1167 physion
980 1083 1042 1148 duo
1055 1081 1181 1148 visionis
1193 1083 1242 1156 iu·
1260 1067 1309 1198 5⁸4}
1319 1081 1345 1197 ἰ·
1358 1068 1386 1138 ³3
1394 1065 1491 1196 ἕως·

122 1179 304 1242 slrumeuta
319 1177 503 1246 occurrunt,
519 1173 629 1236 mulus
644 1178 677 1238 et
692 1173 812 1250 lumen·
828 1172 874 1238 ita
889 1170 952 1236 duo
966 1172 1086 1255 pariter
1101 1171 1135 1235 in
1148 1173 1242 1238 visio-
1305 1182 1310 1196 '
1346 1155 1384 1214 ‚q
1414 1158 1454 1214 ‘³'
1483 1185 1487 1196 ·

121 1285 165 1330 ue
181 1263 405 1337 intellectuali,
422 1261 532 1326 ocellus
547 1261 659 1326 mentis
674 1265 707 1326 et
719 1261 830 1339 ,lumen
845 1261 1003 1328 divinum:
1022 1281 1039 1322 a
1058 1261 1142 1336 Deus
1154 1262 1241 1327 enim

115 1354 203 1420 iacit
219 1350 435 1434 intelligibilia
448 1367 506 1433 per
518 1350 646 1414 modum
661 1350 737 1416 solis
752 1349 964 1418 illuminantis
980 1347 1024 1431 2).
1045 1372 1063 1414 »
1079 1349 1241 1416 Nimirum
1300 1345 1327 1420 ²)
1343 1346 1428 1403 idem:
1448 1349 1490 1402 Dc

122 1443 274 1508 notiones
288 1457 368 1523 quae
383 1440 417 1504 in
433 1439 539 1504 anima
559 1438 734 1521 descriptae
749 1443 834 1514 sunt,
852 1438 960 1504 haurit
974 1438 1152 1504 intellectus
1166 1441 1241 1506 dum
1261 1425 1364 1514 spirit·
1389 1422 1485 1479 creor.
1535 1474 1539 1480 -

119 1535 249 1597 creatae
265 1527 398 1594 rationis
413 1527 521 1593 oculus
533 1527 567 1591 in
580 1528 741 1592 increatae
754 1526 900 1594 Rationis
914 1527 1192 1608 lumendeligilur,
1207 1529 1241 1594 in

117 1639 185 1703 qua
200 1619 270 1685 iura
285 1618 341 1682 illa
356 1621 390 1682 et
404 1617 507 1682 officia
521 1616 675 1699 primario
692 1617 910 1689 continentur,
928 1616 1100 1697 eodemque
1123 1616 1243 1683 lumine

120 1711 190 1775 sive
205 1710 241 1772 in
256 1709 362 1772 creata
377 1705 443 1770 sive
459 1705 492 1770 in
509 1704 649 1770 increata
666 1703 789 1769 ratione
800 1703 989 1768 clarescunt.
1003 1703 1105 1780 Unde,
1119 1706 1179 1771 etsi
1191 1724 1243 1772 su-

120 1815 234 1881 prema
249 1813 285 1861 ac
300 1794 487 1860 universalis
499 1794 675 1860 ollieiorum
691 1793 896 1868 lineamenta,
911 1793 959 1856 vel
971 1790 1136 1882 facultates
1147 1794 1242 1861 intel-

122 1886 287 1966 lectuales,
312 1884 424 1966 quibus
439 1883 494 1948 illa
509 1882 664 1965 percipio,
683 1882 816 1947 definire
838 1880 888 1947 vel
908 1878 1125 1947 demonstrare
1140 1886 1243 1950 uesci·

119 1994 205 2050 rem;
222 1980 330 2040 tamen
343 1978 375 2038 et
390 1973 580 2038 rationalem
596 1972 794 2046 intellectum
810 1987 862 2034 me
875 1969 1003 2046 habere,
1018 1976 1051 2036 et
1063 1970 1242 2039 illaesiste-

120 2083 171 2141 re,
186 2063 326 2128 tirmiter
340 2061 419 2136 scio,
436 2061 510 2143 quia
526 2065 659 2143 utraque
676 2061 766 2126 rideo
782 2075 818 2124 ao
833 2059 948 2126 sentio·
966 2059 1062 2135 Nam,
1080 2060 1155 2124 dum
1170 2079 1242 2127 cor·

117 2154 211 2238 poris
227 2152 353 2217 oculum
368 2149 477 2232 aperio
492 2154 526 2216 et
541 2150 642 2214 lucem
657 2148 787 2234 aspicio,
804 2152 909 2214 certus
922 2166 991 2213 sum
1006 2153 1039 2214 et
1054 2149 1178 2216 oculum
1190 2168 1241 2218 me

118 2243 255 2315 habere,
272 2245 306 2306 et
320 2240 422 2304 lucem
438 2239 590 2321 aspicere,
608 2242 642 2303 et
657 2255 694 2302 ea
709 2255 789 2320 quae
804 2238 872 2303 luce
887 2237 1111 2305 collustrantur
1125 2240 1240 2306 existe·
1326 2313 1328 2320 ,

119 2350 170 2396 re.
188 2329 308 2396 Eadem
323 2327 423 2410 igitur
437 2326 628 2394 certitudine
650 2327 781 2401 afficior,
799 2326 873 2391 dum
889 2328 1012 2392 oculum
1033 2328 1148 2394 mentis
1163 2347 1239 2396 cou-

118 2424 249 2485 vertens
265 2417 298 2480 in
311 2415 476 2498 meipsum,
487 2418 521 2481 et
532 2433 695 2498 assurgens
709 2415 744 2480 in
759 2416 875 2490 Deum,
889 2415 968 2491 illic,
981 2415 1157 2497 religionis,
1170 2419 1239 2501 pie-

119 2511 200 2574 tatis
217 2505 409 2572 aciustitiae
419 2503 508 2586 quasi
519 2505 637 2588 primas
652 2504 859 2586 scaturigines
870 2504 1007 2570 intueor.
1021 2503 1109 2585 Quae
1120 2507 1240 2572 doctri-

120 2614 162 2662 na
178 2592 517 2682 maximi‘philosophi
533 2593 722 2660 auctoritate
744 2593 910 2670 solidatur:
929 2613 947 2654 o
964 2593 1089 2670 Omnis,
1107 2596 1153 2661 ait
1168 2596 1235 2672 ille,

118 2684 266 2766 cognitio
282 2681 425 2748 veritatis
436 2686 484 2746 est
495 2683 648 2764 quaedam
660 2682 825 2748 irradiatio
837 2687 870 2748 et
882 2682 1087 2764 participatio
1099 2684 1176 2765 legis
1187 2702 1239 2751 ae·

118 2780 244 2847 ternae,
259 2789 339 2854 quae
350 2774 399 2836 est
410 2771 526 2836 veritas
538 2771 817 2847 incommutabilis,
832 2775 867 2836 ut
874 2773 1067 2852 Augustinus
1079 2773 1159 2838 dicit
1170 2771 1237 2858 3).»
1292 2779 1453 2857 tisinum.
1463 2790 1485 2862 l,

212 2861 258 2928 X.
277 2861 338 2927 Sed
355 2857 471 2926 clarius
487 2859 588 2928 adhuc
602 2860 657 2924 illa
673 2865 721 2925 est
735 2860 915 2925 delinienda
931 2860 1059 2927 luminis
1070 2861 1180 2928 effusio
1193 2865 1240 2930 vel
1261 2856 1297 2935 Π,
1313 2874 1343 2936 q·
1358 2863 1407 2940 aa,
1421 2880 1447 2922 a.
1458 2867 1486 2922 a.

117 2950 303 3026 irradiatio,
321 2948 446 3031 nequis
461 2949 559 3014 ullam
578 2967 635 3014 nos
649 2948 826 3032 suspicetur
840 2947 956 3014 habere
979 2952 1239 3020 communionem

120 3058 203 3124 cum¹
212 3038 358 3104 doctrina
372 3037 426 3102 illa
441 3038 653 3120 pentheistioa
668 3038 707 3103 de
722 3056 786 3103 uno
798 3044 872 3104 eute
887 3037 994 3115 ideali,
1011 3040 1050 3104 de
1065 3060 1129 3106 uno
1142 3041 1240 3108 ratio-

120 3129 172 3193 nis
183 3128 316 3210 lumine,
327 3127 377 3192 vel
389 3127 428 3190 de
436 3144 499 3192 uua
510 3127 593 3203 idea,
604 3126 882 3210 quaeaGermanis
891 3127 957 3207 jam
968 3129 1049 3211 apud
1061 3130 1155 3195 ltalos
1167 3148 1239 3213 per·

119 3220 264 3300 vagatur.
278 3217 326 3282 De
341 3215 612 3299 effusioueitaque
624 3217 828 3298 Augustinus:
841 3235 858 3276 o
872 3216 995 3280 Etcum
1008 3218 1240 3296 effunderissm

118 3324 179 3389 per
192 3323 264 3381 nos,
283 3321 346 3369 nou
362 3309 400 3370 tu
412 3303 586 3388 dissiparis,
605 3306 658 3370 sed
673 3305 795 3388 colligis
812 3322 869 3369 uos
884 3303 992 3390 (Conf.
1010 3307 1037 3384 1,
1057 3304 1108 3391 3).
1129 3330 1146 3369 s
1169 3307 1239 3387 Qua

119 3394 275 3459 nimirum
283 3393 408 3459 ratione
416 3395 463 3459 sol
471 3394 758 3477 vaporemcolligit,
767 3411 883 3477 suoque
895 3391 1007 3475 implet
1018 3395 1151 3472 lumine,
1162 3397 1239 3479 quin

117 3485 174 3548 ille
190 3483 372 3565 dissipetur,
390 3482 532 3566 nihilque
544 3485 686 3559 amittat,
699 3485 784 3566 quod
797 3502 852 3548 uos
863 3482 1016 3566 parelium
1032 3485 1180 3563 dicimus
1193 3488 1238 3551 ita

119 3570 410 3646 iereiuratiouales
421 3572 543 3637 animas
551 3573 723 3638 effunditur
731 3573 826 3650 Deus,
837 3571 1084 3654 simulquetotus
1092 3574 1125 3638 iu
1135 3575 1247 3656 seipso

118 3662 278 3744 subsistit.
292 3661 380 3725 ldem
396 3678 521 3744 quoque
533 3661 727 3744 Augustinus
743 3661 916 3728 increatam
931 3662 1121 3742 sapientiem
1137 3670 1174 3730 ‘et
1192 3665 1240 3729 iu·

117 3751 258 3824 stitiem,
275 3766 354 3832 quae
369 3750 454 3815 Deus
469 3755 528 3834 est,
547 3755 697 3825 aoreata,
715 3767 795 3833 quae
811 3749 1033 3816 intellectualis
1049 3758 1096 3831 est
1112 3758 1237 3829 natura,

119 3839 262 3905 secernit
277 3839 523 3904 accuratissime.
541 3839 620 3904 (lum
635 3838 722 3904 enim
738 3839 826 3905 illam
846 3839 976 3906 dixisset
991 3845 1191 3907 coaeternum
1207 3847 1240 3906 et

119 3929 194 4010 Deo⁸
205 3929 381 4011 aequalem,
395 3945 413 3992 a
429 3937 490 4010 qua
506 3935 610 3994 creata
622 3933 695 3994 sunt
708 3929 828 4004 omnia,
846 3928 951 4009 inquit
965 3929 1004 3992 de
1020 3930 1130 3995 altera:
1146 3930 1240 3996 «Sed

119 4017 266 4100 proiecto
281 4016 437 4098 sapientia
451 4035 532 4099 quae
547 4021 653 4084 creata
668 4022 727 4093 est,
738 4016 967 4086 intellectualis
983 4022 1094 4083 uelure
1105 4019 1237 4096 scilicet,

119 4123 201 4188 quae
224 4122 532 4172 conrnuncnrroun
548 4123 684 4173 uuururs
699 4123 814 4173 ununu
830 4124 890 4172 usn
904 4104 1011 4190 (Ceret.
1029 4108 1106 4184 llll,
1126 4106 1198 4193 15).
1219 4131 1236 4169 »

119 4196 161 4261 Et
176 4193 381 4278 prosequitur
396 4196 569 4278 extemplo:
589 4216 606 4255 c
625 4195 686 4262 Sed
703 4199 855 4278 quantum
874 4196 1008 4260 interest
1023 4195 1108 4261 iuter
1123 4213 1239 4263 runnu

118 4301 210 4360 ouon
221 4299 418 4358 insumimus,
430 4289 462 4350 et
473 4301 563 4360 ouon
575 4290 942 4359 rucumlunrumtantum
954 4283 1041 4350 inter
1051 4285 1238 4368 sapientiam

117 4390 199 4456 quae
215 4376 316 4447 creat,
335 4375 367 4436 et
382 4373 476 4438 istam
493 4391 573 4454 quae
589 4379 695 4438 creata
711 4379 771 4447 est,
785 4375 867 4439 sicut
879 4375 966 4438 inter
977 4372 1132 4440 iustitiam
1148 4375 1241 4439 iusti-

117 4462 282 4535 ircantem,
301 4467 333 4526 et
345 4460 500 4527 iustitiam
516 4479 596 4543 quae
613 4462 838 4528 iustificatione
855 4463 935 4529 iacta
957 4467 1016 4529 est.
1035 4465 1116 4532 Nam
1133 4468 1165 4528 et
1183 4481 1240 4528 uos

116 4550 196 4616 dicti
212 4567 321 4615 sumus
337 4549 458 4616 iustitie
472 4555 537 4616 tua.
554 4549 609 4615 Ait
622 4550 708 4616 euim
720 4551 847 4635 quidam
860 4569 965 4622 servus
980 4556 1062 4703 ῑιὲυει
1076 4551 1119 4618 Ut
1131 4569 1187 4615 nos
1197 4551 1240 4613 si-
