3222 5282
427 310 478 376 32
871 328 1006 382 transt.

460 473 657 549 lll.llinci.,
668 471 794 555 sipiano
806 473 888 541 desit
898 476 1037 558 primum
1046 473 1095 546 rel
1103 473 1245 548 tertium,
1254 472 1280 537 si
1292 491 1404 555 nempe
1418 474 1505 540 nulla

386 564 428 629 sit
445 564 493 627 vel
508 559 684 627 intellectus
699 563 839 644 cognitio
854 564 903 634 vel
915 563 1051 645 eligendi
1064 562 1205 639 libertas,
1220 562 1313 643 plene
1328 563 1453 628 deliciet
1472 583 1507 628 a·

386 652 503 718 ctionis
514 651 672 716 humanae
684 652 812 717 entitas:
830 653 964 736 eritque,
981 652 1147 716 deficiente
1162 651 1340 734 intellectu,
1353 652 1438 716 actio
1452 654 1508 716 bo

386 741 493 818 minis,
505 758 568 804 non
580 741 733 816 bumana,-
745 741 913 823 deficiente
925 759 998 806 vero
1009 741 1152 814 libertate
1164 741 1220 804 sub
1232 740 1463 805 violentissilna
1474 751 1508 808 et

386 829 477 912 plena
493 828 667 903 coactione,
685 828 748 894 erit
762 831 879 911 passio,
897 848 959 894 non
974 830 1069 894 actio.
1084 829 1162 894 lllae
1174 829 1260 892 euim
1272 833 1395 894 tantum
1406 830 1508 894 actio-

386 935 442 982 nes
456 915 613 982 humanae
627 917 774 982 dicuntur
796 923 830 984 et
851 921 936 992 sunt,
953 934 1033 1001 quae
1052 917 1091 981 ab
1106 917 1237 990 homine
1250 915 1506 1000 proficiscuntur,

327 1079 329 1084 ,
386 1007 585 1087 praelucente
600 1010 634 1072 et
645 1006 828 1074 consulente
843 1005 1019 1081 intellectu,
1042 1005 1235 1072 deliberante
1254 1011 1349 1088 atque
1370 1005 1508 1089 eligente

384 1096 554 1160 voluntate.
1188 1125 1190 1130 ·

461 1185 495 1248 2.
513 1183 547 1249 Sl
562 1183 695 1249 alterum
710 1182 848 1259 deficiat,
868 1183 1016 1265 appetitio
1028 1181 1344 1257 scilicetooluntotts,
1361 1188 1397 1248 ut
1410 1182 1446 1247 iu
1459 1185 1508 1249 iu-

386 1272 455 1337 dice
463 1272 517 1356 qui
526 1267 612 1337 matu
628 1271 940 1355 impulsus,iniquam
960 1289 1055 1354 quam
1066 1271 1238 1337 detestatur
1252 1273 1445 1337 sententiam
1460 1274 1508 1337 el-

386 1361 479 1436 ierat,
494 1365 555 1427 stat
568 1361 650 1426 actio
663 1362 811 1444 humana,
824 1362 931 1426 minor
942 1360 1091 1425 tamenin
1103 1377 1157 1425 sua
1170 1359 1306 1426 naturali
1313 1361 1504 1443 quantitate.

470 1447 504 1514 3.
516 1450 550 1515 Si
559 1450 809 1532 ignorantia,aut
817 1449 1109 1530 inadvertantia,vel
1117 1448 1339 1532 praerenmnte
1350 1451 1510 1530 cupidita-

388 1544 432 1615 tc,
447 1539 716 1605 autnonabsoluta
726 1539 886 1615 violentia,
897 1537 1425 1614 minuaturexercitiumlibertatis3
1437 1543 1510 1604 tan-

389 1627 520 1694 tundem
535 1628 717 1695 detrahetur
731 1647 772 1693 cx
786 1628 921 1695 actionis
936 1627 1079 1692 entitate.
1093 1626 1197 1692 'ilatio
1211 1631 1271 1700 est,
1296 1620 1370 1710 quia
1385 1627 1510 1693 subtra-

388 1718 448 1782 ctis
463 1717 511 1781 vel
526 1717 705 1783 imminutis
727 1716 996 1793 substantialibus,
1013 1713 1130 1782 desinit
1144 1715 1194 1782 vel
1208 1714 1411 1780 imminuitur
1422 1717 1509 1783 actio

389 1806 539 1870 humana.

478 1892 520 1956 ll.
538 1893 590 1959 Sic
601 1893 772 1959 constituta
787 1893 872 1960 aetio
886 1893 914 1958 si
930 1892 1078 1974 adlegem
1095 1891 1289 1968 conteratur,
1306 1891 1374 1956 eius
1392 1908 1509 1960 couve-

392 1980 514 2068 nientla
528 1982 577 2044 vel
593 1982 804 2048 discordantia
817 1983 928 2064 alege,
942 1981 1107 2046 moralitas
1118 1982 1306 2064 appellatur.
1321 1982 1368 2046 De
1380 2000 1442 2065 qua
1455 1984 1508 2048 hic

390 2070 511 2152 primus
525 2069 658 2134 habetur
673 2087 786 2135 canon:
808 2071 911 2136 Tanta
927 2071 1294 2145 cstcctiont'smorolitos,
1306 2081 1428 2152 quanto
1439 2074 1508 2137 dus

392 2159 516 2231 entitas,
534 2158 582 2220 oct
597 2158 796 2224 voluntarius
812 2160 949 2224 actitatio
963 2159 1111 2242 desectus.
1455 2193 1456 2196 π

479 2246 684 2311 Vl.H0minis
696 2247 781 2313 enim
790 2248 954 2313 moraliter
962 2247 1175 2329 agentis‚illud
1183 2251 1336 2312 esttotum
1349 2252 1380 2312 et
1388 2249 1505 2322 solum,

392 2340 677 2420 quantumcumque
691 2337 744 2409 sit,
762 2338 847 2420 quod
861 2355 902 2402 ex
916 2338 983 2402 eius
999 2336 1172 2411 intellectu,
1190 2340 1349 2425 uoluntate
1365 2343 1398 2403 et
1412 2337 1510 2401 liber-

392 2430 458 2489 tate
470 2425 693 2507 proficiscitur.
709 2426 793 2491 Hinc
808 2445 904 2510 quum
919 2425 1035 2491 timore
1050 2427 1207 2509 compulsa
1225 2426 1380 2499 voluntas,
1398 2429 1510 2491 solun-

392 2519 439 2578 tas
451 2514 551 2578 adhuc
563 2512 616 2588 sit,
630 2515 788 2597 compulsa
800 2515 938 2599 quidem,
952 2515 1006 2578 sed
1018 2533 1051 2578 se
1062 2533 1187 2598 quoque
1197 2514 1388 2595 compellens
1400 2524 1436 2581 ut
1447 2516 1509 2579 rui-

391 2620 448 2666 nas
463 2602 603 2682 cffugiat‚
617 2620 653 2666 ea
666 2621 745 2688 quae
756 2610 842 2670 metu
853 2603 944 2678 liant,
958 2604 991 2666 in
1004 2620 1118 2684 genere
1134 2621 1257 2668 mamm
1270 2607 1506 2686 computantur.
1595 2587 1596 2662 ᾗ

389 2692 475 2755 llaec
489 2695 594 2755 autem
617 2691 645 2754 si
660 2692 832 2756 intrinsece
855 2692 937 2756 mala
957 2691 1035 2765 sint,
1057 2691 1106 2755 uti
1120 2691 1314 2772 blasphemia
1338 2692 1385 2755 vel
1400 2695 1510 2775 periu-

389 2780 485 2854 rium,
509 2778 595 2844 nullo
617 2786 704 2846 metu
718 2781 960 2845 excusabuntur.
985 2781 1069 2846 Male
1087 2779 1195 2862 itaque
1217 2780 1309 2844 docet
1331 2781 1509 2846 Puiendor-

390 2869 452 2931 tius
467 2866 571 2949 «cogi
589 2887 645 2932 nos
660 2869 776 2951 duplici
791 2870 898 2934 modo:
923 2887 1000 2943 nno,
1017 2869 1142 2953 quaudo
1165 2867 1245 2932 alius
1260 2868 1427 2945 valentior,
1451 2889 1509 2951 per

390 2957 575 3022 violentiam
588 2959 843 3023 nostramembra
855 2957 894 3022 ad
905 2956 1024 3040 aliquid
1035 2957 1190 3038 agendum
1202 2958 1251 3020 vel
1262 2957 1446 3040 patiendum
1454 2959 1510 3022 ad—

390 3046 498 3127 plicat3
517 3046 626 3122 altero,
643 3047 670 3111 si
685 3047 847 3129 potentior
861 3062 955 3129 grave
970 3046 1095 3128 aliquod
1110 3046 1229 3109 malum
1243 3047 1388 3112 cominus
1402 3047 1509 3113 inten-

390 3140 447 3209 tet,
457 3135 519 3199 nisi
530 3136 616 3200 ultro
633 3155 690 3200 nos
701 3137 740 3201 ad
752 3137 872 3221 aliquid
882 3135 1061 3200 iaciendum
1073 3153 1252 3200 moveamus
1265 3139 1347 3202 auta
1363 3136 1509 3201 iaciendo

390 3225 615 3290 abstineamus.
635 3249 652 3288 n
670 3225 740 3305 Quo
753 3227 858 3308 posito
866 3224 1036 3308 principio,
1051 3224 1222 3289 concludit:
1238 3244 1255 3283 a
1269 3223 1360 3307 lsqui
1370 3243 1441 3289 eam
1451 3245 1508 3290 no·

389 3313 439 3376 bis
455 3315 673 3380 necessitatem
695 3313 799 3391 affert,
820 3333 877 3398 pro
897 3318 1024 3378 auctore
1042 3312 1191 3378 facinoris
1214 3312 1392 3386 habebitur,
1416 3315 1509 3378 nobis

185 3406 208 3478 tl
235 3410 277 3462 Dc
303 3405 366 3479 Off.
390 3407 495 3466 autem
510 3402 661 3484 imputari
684 3421 748 3468 non
762 3403 882 3487 poterit
898 3400 947 3483 1).
967 3425 984 3464 >r
1007 3402 1178 3483 Perperam
1196 3400 1250 3464 hic
1267 3417 1286 3463 a
1304 3399 1507 3467 Puiendorlio

143 3483 221 3567 'wm-
249 3487 275 3538 0⁶
298 3485 366 3552 cta,
391 3495 492 3556 metus
506 3509 578 3555 cum
593 3491 744 3555 violentia
763 3488 977 3555 contunditur.
992 3489 1155 3565 violentia
1170 3508 1240 3554 cum
1259 3489 1302 3554 sit
1321 3490 1508 3574 aprincipio

146 3556 365 3632 ¹¹b·¹’⁰·¹2i²⁴·
390 3579 580 3654 extrinseco,
610 3579 749 3662 corporis
771 3577 922 3643 membris
943 3577 1055 3642 inferri
1079 3584 1196 3660 potest,
1218 3578 1300 3642 nibil
1322 3578 1508 3646 conterente

389 3667 443 3753 qui
461 3668 526 3733 vim
541 3667 690 3750 patiatur.
708 3667 770 3733 Sed
786 3672 872 3732 actus
884 3667 1009 3732 volendi
1025 3672 1057 3732 et
1073 3668 1212 3740 nolendi,
1230 3686 1327 3749 quum
1340 3667 1377 3730 ad
1390 3668 1508 3734 intrin-

390 3775 493 3822 secam
512 3756 680 3823 voluntatis
697 3756 889 3822 activitatem
909 3757 1076 3840 pertineat,
1100 3775 1157 3822 nec
1169 3758 1204 3826 vi,
1218 3775 1275 3821 nec
1295 3757 1421 3832 timore,
1441 3758 1505 3822 nisi

392 3847 611 3912 consentiente
622 3844 792 3922 voluntate,
806 3852 994 3928 extorquere
1006 3849 1248 3926 possuntllecte
1256 3846 1385 3910 Seneca:
1402 3844 1507 3910 «Cor-

391 3934 552 4016 pusculum
568 3933 639 4008 hoc,
656 3935 795 3999 custodia
818 3938 851 3998 et
866 3934 1025 3998 vinculum
1040 3935 1152 4008 animi,
1178 3934 1238 3997 huc
1253 3938 1345 4017 atque
1367 3932 1442 3998 illuc
1461 3934 1509 3997 ia-

391 4029 506 4090 ctatur:
523 4023 558 4086 in
574 4021 634 4088 hoc
649 4024 813 4107 supplicia,
827 4023 861 4087 in
874 4023 933 4087 boc
943 4022 1112 4097 lenocinia,
1126 4022 1161 4085 in
1173 4022 1233 4086 hoc
1242 4021 1347 4086 morbi
1358 4039 1508 4087 exercen-

389 4118 453 4178 tur.
471 4112 606 4178 Animus
620 4112 748 4196 quidem
763 4113 830 4196 ipse
844 4129 934 4177 sacer
948 4117 981 4177 et
996 4116 1143 4175 aeternus
1158 4116 1218 4184 est,
1242 4116 1274 4176 et
1288 4111 1340 4174 cui
1356 4127 1420 4174 non
1435 4129 1508 4193 pos-

182 4205 209 4280 2)
234 4208 275 4260 De
294 4205 369 4262 Con·
390 4205 464 4266 sunt
478 4201 570 4265 inlici
585 4219 697 4266 manus
711 4200 755 4287 2).
772 4225 789 4264 n
806 4200 891 4282 Ergo
914 4201 942 4264 si
956 4199 1071 4264 timore
1086 4199 1120 4266 in
1136 4199 1253 4263 scelera
1268 4199 1422 4281 rapiatur,
1440 4199 1508 4283 ipse

142 4281 196 4340 ⁸⁰²·
213 4281 259 4338 X'·
391 4295 439 4357 est
451 4290 574 4355 animus
588 4290 643 4376 qui
658 4291 720 4373 legi
735 4289 873 4374 praefert
887 4289 1103 4374 iniquitatem.
1121 4287 1212 4356 Unde
1233 4307 1261 4353 s.
1278 4287 1457 4353 Bernardus
1467 4289 1508 4355 de

390 4379 478 4446 Petri
497 4379 597 4462 lapsu:
618 4399 635 4438 n
656 4381 781 4462 Negare
796 4378 933 4452 nolebat,
951 4377 1004 4441 sed
1020 4378 1121 4458 magis
1146 4376 1274 4442 nolebat
1289 4375 1385 4442 moriz
1401 4377 1508 4460 itaque

390 4468 507 4534 invitus
522 4469 661 4553 quidem,
686 4469 741 4535 sed
756 4466 882 4550 negavit
905 4471 1010 4531 tamen
1028 4483 1067 4530 ne
1082 4471 1261 4532 moreretur
1274 4510 1399 4530 .....
1422 4465 1508 4530 llaec

392 4552 1507 4641 planevoluntasreprehensionedignaluit,quiacorporismagisquam
