3224 5282
481 458 766 586 ulutatus
806 461 864 541 IV.
951 460 954 466 ’

278 667 322 718 on
338 665 493 719 numana
509 665 744 728 anonanrrann
761 670 803 719 nr
819 669 1068 721 ranraaurrsrs

470 755 564 808 crana
578 759 628 810 rus
643 758 887 822 rnoenrnrarrs.

192 925 216 983 i
234 921 304 982 ideis
317 921 513 997 aequalitatis
526 929 554 981 et
543 924 771 1012 fraternitatis
784 925 934 984 abutuntur
947 927 1102 984 socialistne
1112 932 1140 984 et
1151 927 1234 984 Com·

111 1001 262 1060 mamistae.
277 1001 314 1056 li.
328 998 575 1074 Aequalitasrnris,
587 1001 644 1058 sive
657 1002 851 1076 proportionis
864 1003 1036 1060 servandam
1047 1003 1145 1060 iuriam
1160 1005 1235 1061 inae·

112 1077 253 1150 qualitate.
270 1076 320 1132 lit
331 1075 523 1140 conditionum
537 1076 685 1149 aequalitas
699 1079 855 1164 repugnat
849 1079 1018 1152 ingeniorum
1032 1085 1060 1136 et
1071 1080 1233 1138 meritorum

114 1151 235 1209 libertati
255 1159 284 1208 et
303 1149 496 1224 inaequalitati
513 1152 557 1211 lV.
572 1151 653 1210 Nulla
667 1153 754 1225 potior
774 1156 896 1240 tyrannis
909 1152 1042 1211 materiali
1056 1154 1232 1224 aequalitate.

113 1229 147 1285 V.
162 1228 238 1283 lnter
252 1227 412 1300 inaequalia
427 1227 574 1300 aequalitas
588 1242 646 1286 sme
661 1229 848 1301 proportione,
864 1236 907 1286 est
920 1230 1059 1302 rnrqurtas
1075 1230 1121 1287 Vi.
1135 1231 1236 1287 Extre-

114 1317 160 1359 ma
173 1301 370 1389 inaequalitatis
384 1309 412 1358 et
422 1303 603 1390 aequalitatis,
617 1319 701 1377 regna
716 1303 830 1375 implent
844 1305 1033 1362 seditionibus.
1044 1305 1103 1363 Vll.
1118 1308 1237 1362 Persona

113 1383 144 1434 et
155 1378 272 1434 societas
285 1377 423 1449 delentur,
438 1379 520 1435 nimia
533 1377 644 1436 inducta
657 1380 829 1453 aequalitate.
838 1381 910 1438 Vlll
920 1381 1169 1438 Communistarum
1180 1380 1236 1438 lra-

115 1453 245 1510 ternitas.
261 1453 307 1510 tx
322 1453 412 1512 Civilis
432 1458 460 1510 et
473 1454 656 1528 christianas
650 1471 676 1511 ιιι
690 1471 744 1512 uno
758 1469 884 1542 corpore,
906 1471 970 1512 cum
985 1455 1172 1512 membrorum
1187 1470 1237 1512 va·

114 1529 225 1585 rietate.
241 1530 275 1586 Χ.
289 1529 360 1600 ipsis
372 1529 545 1587 renotatibus
558 1536 743 1588 conseruntur
755 1531 844 1588 omnia
858 1538 887 1589 et
899 1538 1136 1618 coagmentantur.
1146 1532 1194 1590 iil.
1205 1531 1236 1587 ln

115 1604 402 1679 societate,inrerum
416 1609 523 1678 natura,
531 1605 637 1663 diversa
650 1605 947 1664 officiaetministeria.
956 1607 1017 1663 iili.
1025 1608 1237 1680 Anatsraquo·

114 1693 170 1750 que
184 1679 345 1738 diversitas
339 1681 437 1738 surium
451 1686 480 1737 et
492 1696 584 1754 opum,
599 1683 670 1756 siout
682 1681 852 1755 familiarum,
869 1679 1009 1740 civitatum
1022 1688 1050 1738 et
1061 1681 1234 1754 populorum.

117 1753 192 1810 Xlll.
209 1755 236 1812 Si
249 1771 334 1811 unum
348 1757 400 1827 ius,
415 1755 460 1812 ubi
473 1755 610 1814 distinctio
624 1757 764 1814 nationum
779 1763 807 1816 et
821 1756 958 1830 gentium?
967 1757 1036 1828 XIV
1045 1757 1101 1814 XV.
1110 1759 1238 1816 Commu·

113 1829 249 1886 nistarum
271 1830 395 1888 doctrina
413 1845 429 1888 a
449 1831 568 1888 Lutbero
582 1837 654 1896 orta
670 1837 699 1888 et
711 1832 793 1890 laetis
807 1848 948 1904 expressa
964 1801 1036 1890 xvi]
1048 1833 1238 1904 anabaptista-

113 1917 180 2038 {irgne
192 1905 355 2040 priodcgpium
367 1914 395 1964 et
408 1908 630 1980 consequentiae.
639 1905 722 1966 xva
735 1908 791 1966 Nisi
805 1909 875 1966 bens
888 1908 971 1981 adsit,
984 1910 1075 1981 peiora
1089 1908 1160 1967 aduc
1174 1921 1239 2032 per·

181 1996 246 2040 scen

205 2147 234 2212 1.
251 2145 418 2230 Figmenta
432 2104 612 2215 Socialismi
632 2150 666 2213 et
681 2145 912 2215 Communismi
927 2165 1088 2234 nunquam
1104 2155 1176 2216 orta
1192 2145 1242 2214 es·

110 2240 199 2311 sent,
218 2235 266 2300 vel
281 2243 413 2318 repente
428 2237 652 2312 concidissent,
671 2237 733 2302 nisi
750 2239 927 2320 potentiori
943 2244 1038 2324 atque
1053 2237 1201 2322 ampliori
1213 2239 1241 2304 ἰ·4

111 2327 175 2391 dea
189 2329 453 2391 sustentarentur.
465 2327 550 2392 Haec
562 2326 633 2392 idea
645 2331 694 2392 est
708 2327 809 2391 civilis
821 2329 869 2392 cel
877 2327 1026 2410 politicae
1040 2330 1190 2410 caiusque
1205 2346 1236 2392 e-

110 2415 286 2478 minentiae
303 2416 448 2495 aeqaatio
464 2416 528 2480 sive
543 2415 713 2481 demolitio.
723 2415 889 2498 Duplioem
901 2416 1147 2497 babet'partem:
1162 2433 1240 2497 pro·

109 2504 259 2584 prietatis
274 2508 307 2569 et
322 2505 530 2585 imperiorum
545 2505 756 2570 eversionem.
775 2505 864 2570 Finis
873 2511 938 2588 est,
952 2506 1136 2573 societatem
1152 2505 1241 2570 tabet·

112 2593 167 2657 lae
181 2609 275 2656 rasae
297 2610 481 2677 coaequare:
507 2610 601 2679 quam
618 2593 841 2676 aequalitatem
862 2598 993 2660 tuentur
1007 2595 1076 2660 iure
1091 2593 1242 2661 fraterni-

115 2679 208 2747 tatis.
233 2681 317 2746 Hinc
332 2688 462 2765 apparet
472 2701 585 2747 vseruus
600 2681 686 2746 illius
701 2682 868 2747 formulae:
882 2683 1069 2764 aequalitas,
1089 2684 1244 2767 fraletai-

115 2779 179 2834 tas.
197 2767 281 2847 Quid
297 2787 419 2846 verum,
437 2772 514 2852 quid
530 2771 645 2837 laisum
660 2768 694 2834 in
711 2771 770 2836 baa
786 2788 832 2846 re,
851 2772 1024 2837 rideamus.

209 2859 253 2924 ll.
266 2857 356 2925 Circa
367 2861 534 2925 bominum
547 2858 772 2944 aequalitatem
784 2860 845 2924 boc
856 2879 953 2925 unum
966 2878 1075 2928 rerum
1088 2866 1149 2942 est:
1164 2859 1246 2942 Iura

114 2949 293 3036 aequaliter
303 2951 470 3028 seroaada,
487 2951 544 3014 etsi
555 2949 706 3030 qualitate
718 2949 766 3013 oel
778 2951 951 3031 quantitate
963 2950 1245 3032 inaequaliaNam

114 3059 216 3126 quum
235 3037 347 3104 eadem
362 3042 474 3102 natura
489 3038 644 3103 habeatur
663 3037 698 3101 in
713 3037 846 3120 singulis
866 3043 960 3120 atqua
983 3038 1017 3102 in
1033 3039 1199 3112 universis,
1217 3038 1246 3101 si

116 3132 270 3196 abstracte
289 3126 343 3191 iiia
361 3127 586 3210 conspiciatur,
607 3126 764 3192 abstracte
784 3145 907 3210 quoque
927 3127 1035 3192 eadem
1056 3127 1176 3208 vigebit
1195 3125 1245 3189 iu·

116 3220 203 3284 rium
220 3232 366 3281 mensura
377 3220 410 3280 et
421 3215 604 3298 aequalitas.
615 3219 660 3280 st
671 3233 862 3297 vero‚qunm
874 3217 908 3278 in
921 3217 1063 3296 practica
1078 3216 1246 3280 hominnm

117 3307 283 3380 societate,
306 3305 493 3380 naturaliter
507 3304 768 3370 discriminentur
786 3305 842 3369 illa
858 3304 966 3369 eadem
982 3303 1064 3378 iura,
1088 3309 1154 3370 tum
1170 3319 1248 3386 qua·

118 3397 224 3470 litate,
236 3399 304 3460 tum
317 3393 508 3475 quantitate,
525 3393 587 3457 nisi
606 3393 814 3475 proportione
825 3393 965 3469 inducta,
977 3394 1062 3457 nullo
1074 3393 1168 3458 modo
1182 3400 1248 3456 ser*

119 3489 270 3551 verentur
293 3483 332 3546 ad
347 3482 585 3564 aequalitatem.
612 3480 676 3556 Sic,
693 3481 843 3563 qualitate
857 3483 927 3547 iura
942 3487 1068 3565 patrum
1090 3500 1109 3546 a
1127 3481 1248 3569 iuribus

121 3574 276 3649 filiorum3
294 3573 467 3653 quantitate
481 3589 569 3648 vero,
592 3570 907 3652 diligentissimorum
922 3572 956 3635 in
976 3589 1012 3636 re
1027 3587 1149 3654 quaque
1164 3571 1247 3646 iura,

121 3661 275 3727 aiuribus
290 3659 491 3741 diligentium
509 3660 556 3724 vel
572 3661 671 3725 etiam
685 3659 922 3741 indiligentiam
938 3659 1077 3736 differre,
1091 3661 1162 3742 quis
1177 3659 1251 3724 inli-

121 3751 186 3817 cias
201 3749 311 3815 iverit?
326 3749 442 3830 Igitur,
461 3767 523 3832 qua
538 3748 708 3814 rationein
722 3749 856 3824 familia,
871 3750 916 3814 ita
932 3749 965 3812 in
982 3748 1069 3813 civili
1086 3749 1131 3816 vel
1143 3748 1251 3832 politi-

121 3857 157 3904 ca
168 3838 321 3904 societate
332 3839 402 3902 iura
418 3838 570 3922 acquisita
588 3842 621 3903 et
632 3842 779 3902 concreta
800 3855 864 3920 non
884 3844 958 3904 suut
975 3837 1121 3902 omnibus
1136 3855 1251 3921 aequa-

119 3929 174 3994 lia.
190 3928 284 3992 Licet
299 3929 397 4005 enirn,
423 3928 526 4010 quoad
549 3931 679 3992 naturae
700 3926 931 4001 substantialia,
957 3943 1065 3991 omnes
1083 3931 1250 3992 nascautur

121 4017 281 4100 aequales,
302 4015 414 4080 nullibi
429 4022 535 4082 tamen
552 4015 693 4082 absoluta
708 4016 794 4097 viget
808 4017 994 4101 aequalitas.
1016 4015 1151 4081 Variani
1168 4017 1250 4080 vires

121 4111 155 4172 et
169 4106 312 4187 ingenim
326 4109 358 4170 et
371 4106 475 4186 posita
487 4105 596 4169 eadem
612 4104 786 4186 capacitate
799 4106 936 4171 naturali
952 4122 1010 4187 pro
1025 4104 1125 4169 libera
1140 4105 1251 4170 volun-

121 4199 189 4260 tate
204 4194 307 4258 adbuc
322 4195 423 4260 variat
438 4195 538 4260 virtus
553 4199 586 4259 et
599 4194 743 4260 solertia.
758 4193 848 4260 Unde
862 4194 1039 4258 necessario
1054 4194 1197 4275 praemia
1218 4197 1252 4258 et

120 4283 282 4365 stipendia
298 4283 569 4348 discriminantur.
588 4281 646 4348 Est
661 4287 767 4348 tamen
784 4283 956 4366 aequalitas
971 4283 1004 4347 in
1021 4281 1185 4357 varietate,
1202 4281 1252 4345 iu-

120 4371 198 4436 bens
209 4376 246 4436 ut
258 4372 488 4437 omnibusrura
500 4388 555 4436 sua
566 4371 739 4436 reddantur
751 4371 789 4436 ad
802 4372 1037 4476 aequalitatem,
1048 4389 1083 4434 re
1099 4389 1169 4435 cum
1183 4371 1252 4434 iure

120 4466 392 4529 commensurata.
415 4461 498 4526 Hinc
511 4460 694 4543 inaequales
715 4477 786 4525 cum
801 4461 866 4527 sint
881 4461 1091 4544 proprietates
1115 4459 1163 4522 vel
1180 4474 1254 4540 pos-

121 4566 225 4616 sessae
245 4549 319 4620 vel
310 4569 344 4615 ιιι
361 4549 571 4666 hereditatem
591 4548 735 4626 relictae,
753 4550 982 4617 successoribus
998 4546 1127 4700 affluale
1142 4546 1215 4614 est
1205 4563 1253 4610 rrae
