3222 5282
567 301 762 352 riwausrv.
1134 277 1177 347 37

103 451 182 528 quot
197 446 348 512 distincta
364 448 434 512 iura
446 445 614 512 violantur.
632 447 696 522 Sic,
714 447 741 511 si
757 447 886 514 atterius
899 448 996 512 vitam
1007 463 1080 512 cum
1093 454 1164 513 tuae
1176 447 1221 512 ai-

104 540 156 600 tae
172 537 315 618 periouio
330 534 514 611 deiendisti3
533 536 583 602 vei
594 537 762 601 inimicum
777 555 844 601 non
853 537 948 600 modo
963 536 1156 602 interemisti
1168 536 1222 600 sed

103 624 314 708 discerpsisti,
332 630 426 706 atque
440 623 570 707 insuper
584 629 620 690 ut
632 626 819 691 Homericus
835 625 976 691 Achilles
990 629 1063 694 aute
1074 625 1175 707 patris
1187 643 1222 690 o-

104 715 192 778 culos
208 714 353 798 raptasti;
370 713 559 779 charitatem
574 714 608 776 in
623 715 728 797 primo
743 733 828 788 casu,
846 715 880 778 in
897 715 996 780 altero
1010 715 1108 778 scelus
1124 715 1157 777 in
1170 731 1223 777 ea-

104 803 180 867 dem
194 803 298 886 speoie
310 802 495 886 cumulasti.
513 801 644 878 Contra,
661 802 688 866 si
703 803 796 868 unica
811 803 881 867 ialsi
896 802 1041 868 criminis
1065 802 1222 868 narratio-

104 909 158 968 ne,
169 891 325 956 familiam
337 893 387 956 vei
397 891 875 974 congregationemprosoidisti;
886 896 965 974 quot
974 908 1127 975 personae
1135 897 1219 964 sunt,

104 986 156 1046 tot
172 979 322 1046 distincta
345 980 414 1044 iura
429 979 566 1056 uiolasti,
593 980 789 1064 totidemque
813 981 973 1048 numeriae
988 987 1021 1047 te
1035 981 1222 1046 criminibus

104 1069 288 1134 devinxisti.
510 1089 515 1095 ·
552 1071 555 1076 ’

196 1159 306 1223 xxti.
318 1156 681 1237 2.Impatonturmo1oe
692 1157 884 1224 ortionisocl
895 1159 1073 1224 omissionis
1085 1157 1220 1240 effectas,

103 1245 173 1325 qni,
184 1255 289 1330 utpote
300 1247 336 1310 in
349 1247 494 1328 pluribus
505 1248 843 1328 armarat-praevideri
850 1249 1010 1328 potuerint
1021 1265 1058 1311 oo
1069 1250 1223 1314 remoueri

101 1335 278 1400 debuerant.
294 1336 398 1399 Homo
421 1336 521 1418 enim,
538 1337 621 1417 quod
645 1337 842 1412 rationiscst
857 1338 1027 1420 particeps,
1053 1355 1111 1418 per
1128 1355 1221 1418 quam

103 1425 328 1504 consequentia
343 1423 458 1498 cernit,
469 1441 576 1488 causas
587 1443 694 1490 rerum
708 1426 804 1500 videt,
818 1443 988 1508 earumque
1000 1443 1179 1507 progressus
1191 1431 1224 1490 et

104 1512 196 1593 quasi
211 1512 439 1578 antecessiones
452 1531 517 1576 non
528 1513 667 1594 ignorat,
683 1515 766 1578 vitae
777 1532 903 1579 cursum
914 1514 1108 1597 perpendere
1121 1531 1156 1578 ac
1169 1531 1224 1594 pa-

105 1617 178 1677 rare
194 1604 333 1666 tenetur.
350 1599 433 1666 Hinc
456 1601 625 1666 licentioso
647 1603 797 1686 scriptori
813 1603 866 1667 iila
881 1603 1076 1685 imputantur
1098 1621 1223 1666 morum

105 1706 241 1763 venena,
255 1706 335 1772 quae
346 1691 381 1754 in
393 1689 533 1776 legentes
544 1690 727 1764 illabuntur:
738 1691 911 1772 legentibus
923 1709 1006 1765 vero,
1019 1708 1100 1773 quae
1111 1710 1150 1754 ex
1163 1690 1224 1754 iee-

108 1777 197 1843 tione
208 1777 369 1844 haustasit
381 1779 481 1844 animi
489 1779 659 1845 infirmitas
670 1781 719 1845 vei
730 1784 909 1862 tempestas.
919 1779 1002 1845 Hinc
1013 1797 1137 1861 quoque
1149 1779 1222 1843 dum

106 1866 300 1932 adolescenti
315 1885 463 1950 praesens
474 1869 538 1933 iam
554 1869 730 1952 imputatur
740 1869 918 1934 studiorum
929 1867 1096 1933 oscitantia
1107 1869 1156 1933 vei
1169 1885 1225 1933 ne-

106 1956 275 2038 gligentia,
292 1957 343 2021 iiii
358 1975 481 2040 quoque
495 1975 532 2022 ea
548 1959 662 2024 damna
678 1958 929 2040 imputabuntur,
943 1975 1023 2041 quae
1037 1975 1077 2022 ex
1092 1974 1147 2022 sua
1158 1958 1225 2023 cui-

106 2044 207 2127 pabiii
224 2045 404 2126 ignorantia
419 2048 550 2112 clientes
563 2049 745 2112 manebunt.
759 2049 817 2113 Est
828 2046 914 2112 enim
926 2046 1078 2111 naturalis
1091 2047 1225 2112 coniun-

105 2134 177 2199 ctio
189 2134 275 2198 inter
289 2153 396 2200 causas
411 2140 444 2202 et
457 2133 599 2202 effectus.
612 2134 731 2202 Contra
746 2137 773 2201 si
788 2153 895 2219 agens,
913 2135 994 2200 iianc
1009 2139 1138 2201 eventus
1152 2154 1224 2201 oum

106 2227 181 2288 actu
197 2224 460 2290 necessitudinem
475 2226 652 2307 perspicere
668 2245 731 2291 nou
744 2225 899 2308 potuerit,
913 2226 1060 2302 velactus
1071 2224 1138 2308 ipse
1149 2232 1182 2291 et
1192 2243 1225 2289 e-
1321 2295 1323 2299 ,

106 2316 232 2400 uentus,
250 2329 324 2380 raro
340 2316 389 2379 vei
404 2313 438 2378 in
454 2312 654 2395 paucioribus
668 2315 832 2381 coniuncti
846 2314 924 2390 sint,
941 2334 1006 2380 non
1017 2319 1104 2380 recte
1115 2315 1223 2399 ei,qui

106 2418 235 2465 causam
250 2403 402 2482 posuerit,
419 2401 568 2470 effectum
583 2403 705 2485 pariter
720 2404 944 2470 adscribamus.

199 2489 414 2557 xx111.1ura
437 2493 625 2574 quandoque
647 2493 779 2569 iuribus,
799 2495 882 2576 leges
900 2493 1019 2576 iegibus
1040 2497 1221 2558 occurrunt.

105 2581 196 2645 Tunc
211 2579 239 2644 si
253 2581 362 2644 omnia
373 2582 468 2646 simul
483 2582 602 2646 servari
617 2586 786 2663 nequeant,
796 2583 827 2647 1.
837 2583 954 2664 Legem
969 2580 1124 2646 maiorem
1135 2598 1225 2664 prae·

106 2669 190 2734 feres
202 2669 334 2745 minori,
349 2671 535 2746 naturalem,
549 2672 637 2752 puta,
652 2671 842 2753 simpliciter
849 2671 1016 2754 positivae.
1026 2671 1060 2734 2.
1071 2667 1123 2733 ius
1135 2676 1225 2735 tuum

107 2759 253 2842 aequale,
271 2761 404 2824 caeteris
427 2759 565 2842 paribus,
584 2759 688 2824 alieno
705 2759 769 2824 iuri
792 2764 974 2844 antepones.
993 2755 1027 2824 3.
1045 2759 1098 2822 lus
1122 2764 1223 2835 tuum,

106 2866 180 2913 cum
196 2849 320 2930 aequati
337 2849 385 2912 vei
401 2849 468 2914 iere
482 2848 606 2930 aequali
622 2849 751 2913 alterius
763 2849 891 2924 damno,
905 2864 1065 2930 nunquam
1076 2848 1224 2916 servabis·

106 2955 219 3018 quam,
236 2937 300 3001 iuri
318 2956 381 3001 non
396 2937 459 3002 eris
474 2943 586 3003 auctor
599 2941 636 3002 ut
650 2938 789 3002 alienum
804 2951 915 3019 agrum
929 2936 1073 3019 diripiat,
1087 2941 1122 3002 ut
1137 2941 1226 3002 tuum

107 3026 294 3090 indemnem
308 3025 435 3102 habeam
453 3026 520 3090 imo
536 3043 594 3090 neo
607 3031 643 3091 ut
658 3026 780 3092 furetur
794 3025 906 3091 ditiori
918 3025 951 3089 in
968 3031 1136 3106 conspeetu
1150 3043 1227 3105 pau-

107 3114 260 3196 perioris,
278 3118 411 3196 excepto
426 3131 511 3190 casu,
529 3132 591 3196 quo
607 3115 706 3178 ditior
717 3116 866 3180 damnum
878 3113 968 3188 iliud,
982 3113 1043 3177 sibi
1054 3114 1226 3193 respective

105 3203 188 3277 teve,
202 3201 270 3286 pati
282 3206 437 3268 teneatur.
447 3200 481 3268 d.
496 3203 610 3268 Parata
622 3202 660 3266 ad
673 3204 773 3267 maius
785 3203 946 3276 damnum,
961 3219 1025 3265 non
1037 3201 1140 3264 minus
1151 3217 1227 3268 con·

103 3291 201 3368 suies,
219 3291 361 3356 absolute
377 3292 545 3374 loquendo:
565 3309 638 3355 nam
653 3296 687 3356 et
702 3292 802 3356 maius
817 3296 849 3356 et
863 3291 967 3354 minus
983 3291 1017 3354 in
1032 3289 1142 3353 eadem
1153 3293 1226 3356 sunt

105 3381 229 3462 specie.
246 3379 370 3445 Poteris
385 3383 490 3446 tanmn
507 3380 707 3444 obfirmatum
721 3386 753 3446 et
767 3380 973 3464 pervicacem,
986 3384 1022 3444 ut
1035 3378 1154 3442 maium
1166 3377 1227 3442 im·

104 3469 245 3542 minuat,
264 3485 405 3533 exorare:
422 3474 458 3534 ut
471 3469 574 3551 rapiat
585 3469 701 3550 aliqua,
716 3487 780 3532 non
792 3467 901 3533 omnia
912 3468 1072 3542 incendata
1089 3468 1227 3532 verberi-

104 3557 161 3622 bus
177 3560 267 3639 agat,
282 3573 345 3620 non
357 3556 492 3622 occidat.
506 3557 617 3624 Miseri
630 3557 717 3620 anim
733 3569 856 3622 causam
867 3555 993 3622 utiliter
1007 3556 1085 3638 agis.
1095 3557 1128 3620 5.
1138 3555 1227 3634 Quae

105 3644 297 3712 naturaiiter
310 3645 426 3712 iniusta
440 3649 526 3721 sunt,
546 3646 632 3710 uuila
645 3645 726 3709 iuris
740 3644 843 3729 specie
854 3645 1053 3730 tueberisvei
1067 3645 1223 3725 perficies.
1356 3655 1360 3664 '

106 3733 170 3810 Sic,
188 3734 329 3798 iniustae
351 3751 460 3799 causae
476 3752 540 3798 non
556 3733 817 3818 patrocinaberis,
842 3734 903 3800 etsi
919 3735 959 3798 de
973 3733 1105 3798 victoria
1122 3733 1226 3797 certus

108 3822 218 3887 fueris.
226 3821 329 3902 Quem
337 3824 417 3888 scias
426 3825 643 3898 innocentem,
655 3823 771 3905 quique
782 3823 870 3887 iuxta
879 3822 957 3887 iaiso
970 3822 1103 3903 allegata
1110 3825 1143 3885 et
1154 3839 1227 3903 pro·

106 3911 193 3986 bata,
211 3909 339 3992 publice
350 3929 422 3975 reus
436 3914 598 3993 appareat,
609 3911 716 3987 iudex,
731 3923 890 3993 nunquam
902 3913 940 3976 de
952 3929 988 3975 re
999 3909 1086 3991 gravi
1097 3909 1227 3974 damna-

106 3999 165 4064 bis.
179 4000 265 4066 Nam
283 3999 332 4063 ius
347 3999 528 4066 innocentis
541 4001 626 4082 quod
640 4000 699 4066 tibi
714 4003 849 4074 constat,
864 3998 947 4082 apud
958 4004 991 4064 te
1001 3998 1161 4081 praevalet
1173 4015 1228 4062 ex·

105 4092 200 4152 terno
218 4086 324 4152 ordini
340 4087 432 4154 iuris.
449 4087 534 4168 Quid
549 4105 626 4169 ergo
638 4089 817 4170 agesinem
828 4089 949 4153 deferes
960 4088 999 4152 ad
1014 4087 1224 4167 superiorem.

105 4175 139 4241 Si
156 4195 224 4240 nou
239 4175 323 4242 adsit
338 4177 387 4242 vei
403 4194 469 4241 non
485 4177 608 4243 audiat?
622 4176 713 4245 Nihil
728 4177 923 4244 intentatum
946 4177 1116 4257 relinques,
1134 4175 1229 4240 falsos

105 4266 153 4330 vei
170 4265 322 4347 deceptos
333 4270 429 4333 testes
445 4265 578 4331 testibus
595 4283 749 4350 oppones,
767 4271 888 4333 actores
903 4266 953 4330 vei
969 4270 1164 4330 accusatores
1181 4280 1229 4327 as-

104 4353 194 4419 sidue
209 4353 344 4420 terrebis
360 4359 393 4421 et
407 4354 569 4436 fatigabis,
586 4354 729 4420 inducias
744 4373 854 4440 pones;
873 4355 999 4419 demum
1014 4353 1041 4417 si
1057 4353 1138 4418 nihil
1154 4369 1229 4434 pro-

104 4443 159 4521 sit,
179 4442 265 4509 etde
280 4443 386 4528 capite
400 4443 451 4511 uei
466 4443 529 4509 aiia
545 4461 581 4509 re
596 4445 734 4510 maxima
750 4450 873 4526 agatur,
891 4449 924 4509 te
940 4442 1127 4524 magistratu
1142 4439 1229 4504 abdi-

105 4533 203 4598 cabis.
223 4529 318 4612 Nam,
335 4537 459 4602 certare
475 4552 534 4618 pro
550 4532 685 4610 iustitia,
702 4535 876 4619 gloriosum
889 4536 949 4609 est;
966 4531 1055 4597 iiiam
1071 4531 1118 4596 vei
1130 4528 1229 4594 invite
