3228 5280
571 313 780 368 arrosasvn.
1129 295 1196 365 277

122 465 233 546 palare
249 461 432 550 imperium,
450 462 541 545 quale
557 480 639 528 nune
656 461 862 544 intelligitur,
880 459 1024 548 quodque
1039 455 1172 545 singuiis
1186 459 1240 527 de-

123 555 256 618 teratur.
273 551 308 620 st
324 555 430 618 autem
446 551 535 635 optio
545 552 687 626 daretur,
701 570 759 616 nos
770 552 959 617 hocnovum
970 551 1004 616 el
1015 549 1240 619 universaleii-

123 641 312 707 bentissim'e
327 640 507 723 eligendum
522 657 706 732 censemuss⁴
715 641 743 706 si
754 641 847 706 enim
862 638 975 723 populi
990 643 1039 705 est
1053 640 1237 723 imperium,

123 731 188 796 iert
203 730 271 812 ipsa
287 729 443 811 aequitas,
459 734 497 795 ut
511 730 632 811 pariter
646 729 793 795 omnibus
807 730 850 796 sit
864 728 1115 796 adscribendum.

212 811 258 886 11.
276 819 334 886 last
349 817 450 901 igitur
466 818 722 902 nobispopulare
735 819 907 904 imperium
924 818 980 883 illa
995 817 1128 884 iacultas
1143 831 1237 901 quae,

123 908 252 976 nomine
264 913 412 989 excepto,
430 908 565 990 singulis
577 907 740 987 asseritur,
754 909 922 991 politicum
933 906 995 972 sitsi
1002 906 1148 990 regimen
1158 907 1241 972 dell-

123 997 238 1079 gendi:
249 1012 319 1062 rem
335 997 493 1078 publicam
510 997 630 1079 velper
645 1015 691 1072 se,
709 998 756 1062 ael
773 1003 830 1081 pe‘r
849 997 990 1069 delectos
1004 995 1093 1062 viros¹
1103 995 1242 1092 pomini-

122 1086 260 1161 strandi,
274 1084 331 1168 quai
346 1085 495 1152 non-sini,
505 1085 633 1168 placita,
651 1087 704 1152 sed
720 1086 803 1157 iussa
814 1086 924 1172 populi
935 1083 1071 1152 lidellter
1083 1101 1241 1168 exequan-

124 1181 190 1250 tun
209 1174 242 1240 in
258 1191 294 1239 re
305 1174 437 1256 politici
449 1175 495 1240 vel
508 1174 608 1250 cirili,
622 1192 699 1257 quas
710 1177 845 1258 populus
855 1174 976 1241 iudicet
987 1173 1180 1250 mutationes
1190 1173 1241 1238 in-

124 1263 261 1338 ferenda
281 1263 459 1330 acdeorum
472 1265 686 1330 delectosasa
698 1266 900 1346 magistratus
911 1281 1084 1350 eorumque
1095 1263 1242 1346 legara-

124 1351 275 1436 pellendi‚
288 1352 316 1416 si
328 1353 477 1420 mandata·
489 1353 701 1438 negligantur.
713 1355 772 1424 ist
786 1355 849 1422 tate
860 1359 909 1420 est
918 1353 1103 1434 imperium,
1114 1352 1162 1418 vel
1172 1351 1241 1417 nui-
1273 1375 1278 1381 ’

119 1440 191 1531 lum
207 1446 267 1508 est.
284 1441 381 1517 Nam,
400 1448 531 1525 excepta
554 1443 777 1527 suffragiomm
799 1442 1053 1516 universalitate,
1067 1441 1241 1523 imperium

124 1534 213 1597 tenet
231 1530 441 1612 populipars,
462 1549 525 1596 non
539 1533 687 1615 populum
704 1531 732 1596 si
748 1547 823 1596 sacro
840 1529 977 1614 delegati
988 1530 1164 1613 propriam,
1175 1547 1241 1594 non

125 1619 234 1702 populi
242 1631 421 1701 expressam
430 1619 565 1687 efferant
574 1622 778 1696 voluntatem,
790 1614 1173 1704 poputdstotsunrioietor
1181 1619 1243 1683 im-

125 1707 322 1791 perentibus,
339 1709 418 1792 quot
433 1709 599 1776 constituit
614 1711 787 1794 delegatos:
806 1709 935 1775 tandem
950 1706 1013 1778 nisi
1025 1708 1059 1772 in
1071 1723 1242 1792 quoquere

129 1797 177 1862 vel
194 1789 263 1878 lege
278 1797 507 1888 illiusomoula
527 1800 758 1881 petantur,5vel
775 1799 899 1864 odiosas
918 1816 986 1864 ase
1001 1798 1084 1879 leges
1105 1802 1160 1863 aut
1175 1812 1243 1860 ma

33 1910 37 1916 ·
125 1885 279 1966 gistratus
291 1887 468 1968 repellendi
484 1888 618 1954 tacuttm
633 1888 696 1956 uisi
708 1888 803 1962 adsit,
821 1885 897 1971 quid
909 1891 1008 1962 aetat,
1022 1887 1100 1969 quin
1112 1885 1243 1969 amplis-
1378 1961 1381 1969 A

122 1974 205 2040 sima
219 1977 408 2060 quandoque
424 1978 570 2062 tyrannis
584 1977 905 2060 excerceaturi'llrgo
917 1977 965 2042 vel
978 1975 1086 2041 omnia
1100 1974 1155 2046 ilia
1166 1991 1243 2040 con-
1381 2001 1383 2006 ·

122 2067 223 2138 stant,
241 2065 290 2131 vel
301 2081 439 2133 aacuum
455 2085 572 2132 nomen
587 2066 776 2151 eritpopoli
796 2065 979 2152 irnperium,
996 2068 1031 2132 et
1043 2063 1169 2149 puerile
1182 2064 1242 2147 ilg-

125 2157 300 2220 mentum.-
784 2170 818 2192 ‘¹
902 2161 929 2200 -“
1015 2166 1074 2190 ··
1168 2191 1170 2196 .

199 2243 275 2311 ill.
293 2243 394 2326 Atqui
409 2259 582 2327 numquam
597 2259 793 2320 concessam,
811 2243 913 2329 neque
924 2241 1153 2326 nodiepopato
1166 2256 1244 2306 oon-

124 2331 263 2407 caditur,
271 2333 355 2416 quod
363 2333 502 2400 diximus
513 2332 827 2418 irnperlumstheoria
839 2331 999 2398 estaerlais
1011 2331 1161 2398 hactenus
1169 2347 1245 2396 con-

125 2421 223 2500 clusa,
243 2426 279 2489 ut
292 2423 404 2506 populi
417 2424 583 2490 verborum
598 2423 694 2488 laamo
709 2428 912 2505 caperentur.
931 2420 1065 2503 Imperii
1081 2418 1244 2503 popularis

126 2509 295 2576 historiam
310 2513 537 2595 descripturus,
555 2513 681 2578 dolores
697 2530 765 2577 non
780 2511 960 2593 triumphos
975 2510 1143 2576 describet:
1161 2525 1245 2574 sern-

124 2617 182 2684 per
198 2599 328 2666 victima
339 2600 406 2685 ipse
417 2602 564 2685 populus,
579 2619 740 2684 nunquam
752 2619 821 2667 rex.
836 2598 974 2669 Galliam
989 2598 1018 2662 si
1030 2599 1175 2684 aspicias,
1189 2598 1244 2662 unt

125 2685 369 2769 cenomantico
385 2686 457 2756 doni
473 2699 501 2755 et
512 2693 593 2758 matt
609 2692 703 2756 arbor
717 2696 785 2756 sata
801 2695 836 2756 et
850 2689 976 2754 exculte
997 2687 1071 2762 mit,
1088 2686 1245 2756 Natione-

127 2777 171 2842 lia
184 2777 307 2848 uidebis
322 2776 644 2846 comitiaanni178il
660 2777 842 2865 (Aemilia
853 2775 1041 2857 nationale),
1054 2775 1247 2843 Contentio-

127 2867 212 2930 nalia
227 2867 341 2934 deiude
356 2867 564 2954 (cannatina
578 2867 762 2951 nationale),
775 2866 1169 2950 Consolatumiosuperet
1181 2867 1247 2932 lm-

126 2956 263 3037 perinm,
282 2955 1044 3040 regimendemumnnai1830,etllempublicam
1056 2950 1244 3029 anni18483

126 3044 235 3109 omnia
250 3045 327 3116 haee
336 3046 455 3111 videbis
466 3047 622 3128 regimina
637 3046 788 3130 populare
799 3044 970 3128 imperium
981 3044 1130 3118 extulisse
1145 3042 1246 3130 hypo-

125 3132 200 3197 crisi
216 3133 492 3204 solemnissimam
502 3135 755 3206 mendacissima.
770 3133 906 3206 Interim
913 3132 1019 3200 videat
1027 3132 1172 3216 populus,
1181 3146 1243 3213 qua

125 3222 195 3286 auri
211 3225 244 3287 et
257 3222 395 3290 labomm
411 3225 618 3306 etsanguinis
629 3225 673 3301 vi,
686 3225 782 3290 triste
794 3223 925 3290 solverit
938 3223 1149 3287 mendacium.
1169 3217 1244 3286 lila-

124 3328 187 3392 que
203 3311 320 3377 sentiet
335 3317 430 3395 quam
446 3315 621 3382 rarissimas
641 3335 658 3376 a
676 3311 796 3398 Popula
811 3329 912 3387 mens,
929 3311 984 3395 qui
1001 3317 1034 3378 te
1049 3311 1175 3377 beatum
1192 3309 1243 3374 sli-

125 3405 215 3474 eunt,
233 3400 294 3483 ipsi
312 3399 345 3467 te
359 3401 525 3484 decipiunt
540 3402 614 3487 1).‘n
629 3403 698 3472 Nec
708 3403 817 3467 minus
829 3400 1017 3484 quandoque
1033 3400 1101 3479 illa:
1116 3419 1134 3459 ι
1148 3397 1243 3464 Prin·
1283 3393 1307 3470 ¹)
1320 3393 1412 3471 ¹⁸⁸⁵³⁸s
1435 3393 1485 3469 ¹¹¹2

125 3489 217 3572 cipes.
224 3490 273 3554 tui
280 3491 441 3567 infideles,
454 3488 532 3570 socii
542 3492 661 3566 iumm,
675 3509 786 3557 omnes
797 3491 937 3572 diligant
948 3506 1094 3565 munera,
1104 3505 1243 3572 sequun-
1265 3473 1312 3572 ¹²?

125 3584 179 3644 tur
194 3577 474 3670 retributionesi).
482 3603 499 3644 a
513 3580 711 3658 Garamum,
720 3579 848 3646 subitae
860 3578 1072 3649 abdicationis
1080 3577 1243 3670 conditio
1281 3589 1308 3666 2)
1320 3590 1374 3663 ta,
1387 3590 1411 3667 t,
1422 3592 1469 3650 aa.

127 3685 180 3743 ne,
198 3669 613 3828 pfvpfflilllgmeit‘igagfflsmevsetro
629 3756 706 3824 anni
723 3754 824 3834 1789,
841 3775 876 3824 se
891 3756 1004 3843 popnll
1021 3759 1148 3825 tantum
1162 3755 1241 3822 scita

125 3845 246 3909 reieme
261 3841 1241 3931 posseaodebereapertissimepmiltehaaturdldamrerode·
1283 3863 1309 3935 a)
1324 3865 1426 3921 moa,
1454 3858 1492 3919 aa

125 3933 238 4017 legatis
250 3937 452 4004 mandaverat
462 3936 597 4022 pupulus
609 3935 745 4025 (constat
756 3953 797 4002 ex
807 3933 912 4021 actia),
923 3939 961 4010 ut
972 3934 1188 4008 conscientiae
1203 3934 1243 4002 li·
1262 3939 1491 4008 t'lommeprte.

125 4109 246 4173 lentibus
263 4109 361 4172 deinde
374 4114 522 4187 magistris,
537 4119 569 4172 ut
580 4114 681 4186 populo
699 4111 734 4173 sd
753 4113 983 4170 insurrectionem
1003 4116 1158 4182 sumatur,
1172 4115 1246 4167 tam-

127 4201 210 4257 quam
232 4188 299 4244 vesti
315 4187 358 4246 vel
379 4190 517 4260 machina,
532 4189 631 4248 allecto
644 4195 800 4263 masconta,
815 4187 965 4246 silletensis
978 4186 1019 4244 vel
1034 4183 1241 4257 disrumpenda.

126 4262 204 4322 lanc
216 4267 298 4334 atque
312 4263 338 4320 ia
352 4263 425 4325 huuc
434 4267 519 4324 finam
532 4265 664 4338 populare
677 4259 1245 4336 inventamsnimpariumcatemmstma

126 4336 290 4408 nissemper
303 4346 330 4396 et
343 4347 457 4402 cruenta
469 4341 671 4400 coniuratorum
685 4349 761 4398 mens
773 4346 858 4413 atquae
871 4339 1017 4410 sententia,
1032 4334 1162 4412 quidquid
1171 4336 1245 4412 pem·

126 4411 232 4470 raotab
246 4414 318 4471 initio
330 4430 425 4476 eorum
436 4417 507 4476 iacta
516 4423 563 4474 aut
577 4415 668 4474 rerba.
678 4416 798 4487 Cornicis
811 4430 919 4487 sempor
933 4413 1056 4486 otvolpis
1068 4411 1165 4469 ialella
1180 4426 1245 4484 per·

126 4487 226 4572 agitur.
242 4491 327 4560 Quam
346 4490 413 4548 bene
428 4493 544 4565 popolus
558 4509 634 4552 suam
646 4497 737 4552 oantn
752 4491 990 4567 libertatem,‹lum
997 4488 1129 4567 quidquid
1143 4487 1188 4548 ille
1200 4493 1255 4547 eat

127 4562 522 4648 aaaulpinmoradelalaiturt
1240 4603 1243 4616 ,
