3222 5282
426 321 470 386 ta
877 342 971 390 nvaen
987 340 1010 389 1.

474 483 516 550 V.
534 482 568 550 Si
584 483 752 568 aequitatis
767 488 800 551 et
816 483 1014 553 auctoritatis
1029 485 1113 557 fons,
1128 501 1207 549 unus
1222 486 1269 548 est
1284 482 1361 566 legis
1371 488 1404 549 et
1416 484 1508 548 natu-

386 590 440 639 rae
461 578 571 639 auctor
584 572 681 650 Deus,
698 590 775 657 ergo
798 593 862 640 non
877 575 1048 659 principes,
1066 592 1132 639 non
1146 573 1269 656 populi,
1285 591 1350 638 non
1373 572 1508 637 societas

386 662 565 737 bominum,
590 679 655 727 non
670 668 769 728 status
783 665 834 730 vel
850 664 1032 748 imperium,
1050 680 1110 745 pro
1126 680 1249 729 sumnm
1272 663 1377 744 legum
1392 662 1441 727 vel
1456 661 1507 724 iu-

388 751 473 816 riam
488 750 613 816 ratione
628 755 660 816 et
675 769 820 817 mensura
835 751 972 818 habendi
987 757 1072 818 sunt.
1090 749 1161 830 Quo
1177 768 1299 826 errore,
1316 750 1434 832 duplex
1448 749 1508 814 ho-

386 840 510 904 minum
526 857 624 921 genus
637 845 833 924 peccaverat.
847 841 991 906 Primum
1002 841 1039 916 ii,
1053 840 1108 925 qui
1119 840 1375 922 imperandivim
1387 857 1428 904 ex
1437 839 1508 903 iure

386 928 497 995 divino
514 929 767 1011 auspicabantum
785 927 899 995 deinde
915 931 952 1007 ii,
970 931 1027 1014 qui
1041 949 1081 994 ex
1095 930 1287 1011 populorum
1301 929 1459 993 sententia
1472 945 1508 991 ac

388 1018 560 1082 voluntate.
579 1017 657 1094 lllis,
675 1018 724 1082 ius
738 1018 880 1084 divinum
896 1022 1133 1100 exaggerantes,
1150 1017 1296 1082 homines
1307 1018 1385 1083 adeo
1396 1016 1509 1082 Gaesa-

387 1105 444 1180 ris,
463 1107 551 1188 quasi
567 1104 640 1182 Dei,
658 1107 884 1188 mancipabant
900 1107 1066 1182 voluntati,
1084 1112 1119 1172 ut
1132 1106 1284 1190 quidquid
1299 1105 1425 1171 Caesari
1440 1104 1508 1186 pla-

388 1195 515 1270 cuisset,
536 1195 586 1260 lex
601 1201 693 1261 esset:
710 1195 745 1260 bi
760 1196 869 1261 eadem
891 1197 1060 1278 plebeculis
1075 1195 1287 1260 assentatione
1304 1195 1509 1259 blandieban-

389 1289 453 1349 tur.
471 1284 525 1350 Illi
539 1284 755 1350 monarchiam
778 1284 902 1368 populis
924 1285 1065 1350 odiosam
1087 1284 1272 1348 effeceramt:
1290 1283 1325 1348 bi
1341 1283 1510 1367 populares

389 1372 624 1438 dominationes
638 1377 800 1439 vertamut
814 1377 849 1439 in
864 1375 1078 1458 tyrannidem.

479 1462 537 1527 vt.
554 1462 671 1528 Taedet
681 1461 798 1527 dicere:
809 1479 872 1526 non
887 1463 1081 1536 rabularum,
1091 1461 1143 1524 sed
1156 1460 1303 1544 frequens
1313 1459 1510 1525 irrreconsul-

345 1583 350 1588 ·
391 1555 495 1625 torum
508 1551 612 1616 schola
626 1553 661 1616 in
675 1557 808 1635 utroque
822 1553 880 1616 illo
894 1569 1013 1627 errore,
1029 1551 1107 1616 olim
1122 1551 1203 1631 apud
1215 1552 1389 1623 Romanos,
1400 1556 1510 1631 postea

391 1657 465 1704 vero
480 1641 563 1721 apud
578 1659 689 1705 omnes
703 1640 771 1704 fere
782 1646 903 1722 gentes,
916 1641 1109 1706 versabatur.
1124 1639 1261 1704 Romani
1276 1639 1507 1712 iurisconsulti,

390 1729 484 1793 modo
500 1730 750 1813 llempublioam,
767 1731 863 1794 modo
879 1730 1066 1812 Imperium,
1082 1746 1142 1811 pro
1157 1727 1276 1792 iunium
1292 1732 1325 1792 et
1339 1728 1510 1811 aequitatis
1601 1736 1604 1777 ÷

390 1835 535 1881 mensura
551 1818 691 1884 venerati
703 1823 787 1883 sunt.
798 1817 996 1884 Posteriores
1004 1817 1085 1883 iuris
1096 1817 1254 1897 magistri,
1268 1816 1323 1899 qui
1334 1833 1374 1879 ex
1387 1817 1445 1880 illa
1457 1833 1511 1880 ve·

391 1906 454 1970 teri
471 1904 577 1970 schola
592 1907 626 1970 in
642 1908 709 1973 dies
725 1907 908 1987 prodibant,
922 1907 1079 1988 principis
1094 1905 1288 1970 voluntatem
1298 1921 1357 1987 pro
1368 1905 1440 1969 iure
1452 1905 1509 1970 ha-

391 1994 464 2058 bere
474 2000 715 2061 consueverunt:
728 1996 793 2059 sive
804 1995 861 2058 ille
872 2001 953 2061 essct
964 1994 1204 2060 Heariouslllli
1212 1993 1359 2074 Angliae,
1370 1995 1437 2058 sive
1450 1993 1510 2060 Ca-

391 2082 477 2146 rolus
490 2082 520 2149 V
535 2083 768 2165 Hispaniarum,
782 2085 847 2147 sive
858 2082 1118 2150 LudoviculeV
1134 2082 1254 2149 Galliae
1266 2100 1334 2146 rex.
1353 2083 1507 2157 Tandem,

392 2188 479 2234 versa
497 2172 574 2250 vice,
593 2189 664 2236 cum
680 2189 759 2236 nova
771 2172 869 2237 ferret
883 2172 1004 2254 opinio,
1018 2172 1154 2255 imperia
1167 2189 1230 2236 non
1246 2170 1443 2251 principibus
1455 2173 1511 2236 sed
1602 2218 1606 2240 -,

393 2260 544 2342 populisa
559 2262 626 2326 Deo
641 2261 814 2341 impertiri,
828 2261 1008 2344 philosophi
1020 2265 1053 2325 et
1064 2259 1292 2334 iurisconsulti,
1305 2259 1422 2325 iunctis
1434 2261 1512 2325 dex·

394 2349 483 2424 teris,
500 2349 642 2415 divinum
657 2350 717 2424 ius,
735 2350 801 2415 imo
816 2349 895 2414 iuris
906 2350 1158 2423 fundamentum,
1174 2350 1207 2413 in
1223 2348 1358 2429 populos
1370 2349 1511 2415 transtu-

395 2438 512 2503 lerunt.
530 2440 603 2504 Nou
618 2457 741 2520 semper
755 2438 881 2522 quidem
898 2446 931 2505 et
946 2439 1133 2513 theoretice,
1150 2439 1203 2501 sed
1219 2437 1311 2501 factis
1323 2437 1512 2523 plerumque

394 2530 427 2591 et
442 2526 618 2610 sophisticis
632 2527 896 2602 cavillationibus,
913 2546 994 2612 quae
1015 2527 1159 2592 iustitiae
1174 2531 1207 2590 et
1222 2525 1391 2608 aequitatis
1408 2529 1512 2610 magi·

393 2620 475 2681 stros
492 2615 626 2681 nimium
641 2617 844 2682 dedecebant.
854 2617 930 2682 lnde
939 2617 1086 2700 antiquae
1099 2616 1173 2679 illae
1185 2619 1217 2680 et
1228 2632 1327 2678 novae
1340 2614 1425 2695 leges
1436 2634 1513 2698 pro-

392 2704 561 2780 fluxerunt,
571 2723 651 2788 quae
662 2704 851 2786 religionem
857 2711 982 2779 vexant,
994 2706 1132 2789 primum
1145 2704 1309 2768 rationalis
1322 2703 1450 2768 animae
1463 2708 1512 2770 ius

391 2797 424 2858 et
436 2794 585 2868 odicium3
594 2793 748 2860 familiam
756 2800 789 2859 et
798 2794 1028 2875 proprietatem
1036 2793 1194 2868 vellicant,
1205 2791 1374 2857 socialistis
1382 2797 1513 2858 etcom·

392 2883 538 2946 munistis
553 2883 636 2948 viam
659 2890 818 2967 parantem
837 2883 972 2966 aliaque,
994 2888 1108 2948 natura
1129 2881 1291 2956 distincta,
1309 2881 1445 2947 miscent
1463 2885 1512 2948 vel

392 2975 553 3055 torquent.

481 3061 555 3126 Vll.
573 3061 656 3127 ilinc
667 3062 765 3126 multa
780 3061 934 3124 malorum
951 3079 1051 3143 seges.
1067 3059 1098 3125 1.
1112 3057 1191 3126 Cum
1206 3057 1374 3143 aequitatis
1386 3059 1459 3124 fons
1471 3077 1512 3124 ex

394 3149 462 3213 Deo
479 3150 513 3213 in
528 3150 685 3234 principes
700 3150 868 3216 translatus
883 3150 992 3226 fuerit,
1006 3149 1253 3231 exprincipibus
1265 3149 1298 3210 in
1313 3149 1457 3232 populos
1472 3168 1512 3214 ex

394 3239 518 3320 populis
530 3257 603 3304 vero
619 3240 653 3303 in
668 3239 832 3322 quosdam,
846 3239 900 3321 qui
916 3257 949 3302 se
965 3239 1153 3320 populorum
1169 3237 1373 3302 venditabant
1385 3243 1512 3302 actores
1604 3305 1605 3308 ,

394 3331 426 3390 et
437 3329 673 3402 reformatores,
687 3328 787 3410 magis
797 3329 958 3410 magisque
973 3345 992 3391 a
1004 3326 1141 3392 naturali
1152 3325 1313 3390 societatis
1324 3325 1395 3389 iure
1406 3345 1512 3391 reces-

393 3433 462 3479 sum
477 3421 536 3490 est;
555 3421 648 3499 atque
664 3416 738 3479 inde
755 3416 996 3497 legumlatorum
1011 3415 1103 3481 turba
1119 3415 1308 3487 exsurrexit,
1326 3415 1380 3495 qui
1393 3415 1513 3498 imagi·

395 3504 516 3570 nariam
532 3504 593 3568 sibi
609 3506 773 3568 hominum
784 3505 968 3570 societatem
981 3505 1174 3585 ellingentes,
1188 3520 1257 3566 eam
1274 3502 1452 3568 arbitrariis
1466 3505 1511 3568 le-

392 3609 465 3671 gum
482 3593 614 3657 vinculis
629 3595 732 3656 minus
746 3594 915 3674 regendam
931 3611 1024 3678 quam
1037 3593 1229 3673 fatigandam
1241 3597 1460 3672 susceperunt.
1473 3596 1509 3659 2.

391 3681 499 3746 Novae
513 3683 609 3764 leges,
626 3699 690 3747 non
705 3699 745 3746 ex
759 3688 887 3748 aeterna
901 3685 955 3748 sed
971 3701 1010 3747 ex
1024 3681 1108 3747 futili
1123 3684 1156 3745 et
1171 3679 1379 3745 ambulatoria
1401 3679 1511 3745 homi-

394 3788 468 3833 num
485 3771 645 3835 voluntate
656 3770 843 3854 descriptae,
856 3771 936 3836 leves
947 3777 1041 3854 atque
1052 3771 1161 3834 inanes
1168 3769 1343 3833 extiterunt
1354 3785 1454 3851 eaque
1463 3772 1508 3845 vi,

392 3856 549 3940 aequitate
564 3864 597 3924 et
612 3859 751 3941 pondere
767 3860 947 3936 destitutae,
972 3877 1104 3942 quorum
1119 3858 1184 3922 sola
1200 3862 1313 3921 natura
1328 3861 1376 3922 est
1392 3875 1508 3938 capax.

392 3943 425 4012 3.
443 3948 520 4013 Inde
535 3949 724 4032 populorum
740 3948 913 4032 despectus,
939 3967 1002 4013 non
1019 3948 1198 4032 iniquarum
1214 3949 1349 4023 tantum,
1368 3945 1423 4009 sad
1439 3965 1511 4012 om·

392 4036 480 4101 nium
497 4037 562 4103 fere
575 4039 679 4120 legum
691 4038 730 4102 ab
742 4035 851 4102 eadem
862 4038 1051 4105 auctoritate
1065 4034 1275 4110 manantium
1286 4034 1352 4098 imo
1364 4033 1509 4100 eiusdem

391 4199 443 4257 etsi
457 4200 527 4258 ratio
540 4200 608 4274 legis
622 4188 1233 4274 nonappareat.f.1ndubiodele'gisiustitia,
1249 4197 1435 4268 praesumptio
1446 4203 1505 4255 stat

393 4291 442 4345 pro
462 4275 628 4350 legislatore,
644 4279 720 4334 cuius
734 4277 802 4332 ratio
815 4283 858 4332 est
870 4274 995 4345 amplior,
1011 4283 1039 4332 et
1051 4290 1113 4332 cum
1128 4274 1288 4329 auctoritato
1302 4275 1461 4329 coniuncta.
1477 4278 1508 4330 3.

392 4350 419 4408 Si
433 4351 570 4424 legislator
583 4353 715 4410 humanus
729 4367 762 4410 ea
777 4351 875 4420 iubeat,
889 4366 958 4421 quae
973 4350 1088 4407 naturali
1099 4349 1142 4404 vel
1153 4349 1242 4404 divino
1254 4349 1304 4402 iuri
1317 4357 1508 4418 opponantur,

393 4428 418 4481 in
434 4428 473 4484 bis
488 4428 561 4484 nulla
574 4429 633 4483 eius
648 4429 687 4483 vis
701 4433 744 4484 est
757 4425 798 4482 vel
811 4426 971 4497 auctoritem
987 4423 1106 4498 illudque
1121 4430 1257 4493 recurret,
1273 4422 1344 4494 qnod
1362 4424 1461 4479 Petrus
1480 4434 1510 4480 et

393 4504 505 4576 apostoli
522 4503 682 4560 ludaeorum
697 4500 861 4572 principibus
877 4506 1062 4572 reposuerant:
1083 4523 1093 4551 v
1108 4498 1223 4558 Obedire
1236 4506 1343 4569 oportet
1354 4499 1408 4554 Deo
1420 4504 1510 4572 magis

392 4595 473 4650 quam
488 4578 650 4637 hominibus.
670 4600 680 4626 v
699 4579 774 4648 (Act.
789 4577 821 4656 ll,
839 4577 896 4646 29.)
