3224 5282
473 483 773 606 ‘illutus
824 485 867 568 lt:
966 511 971 519 ·

392 676 545 768 ΜΑΕΝΠΜ1
556 680 607 730 tus
622 679 786 741 auertunt,
806 683 950 734 ruttulo:
970 637 977 648 ι

187 837 374 910 1.ΒεΙίςίουο,
390 841 486 894 natura
503 843 629 896 servatur
642 839 685 898 vel
700 841 831 900 relicitur.
843 842 878 900 ll.
896 841 951 900 lam
966 841 1020 900 lico
1031 841 1115 917 ligati,
1131 845 1231 904 iterum

111 916 272 988 religamur.
288 913 337 970 lll.
354 914 410 970 isca
427 913 552 987 amplior,
568 914 709 974 sublimior
723 932 756 973 ac
768 919 870 989 potior,
886 918 990 992 religio.
1006 919 1052 976 tv.
1069 919 1142 994 Ergo
1155 937 1232 980 snm·

110 1007 186 1048 mum
200 993 243 1048 ius
256 990 381 1062 gentium
394 995 436 1046 est
453 989 548 1064 religio
561 995 619 1048 tota
632 997 714 1064 atque
728 993 846 1066 integra.
862 993 894 1050 V.
913 993 980 1051 Eius
993 997 1136 1054 existentia
1149 1005 1232 1070 atque

109 1067 200 1123 officia
214 1067 386 1123 evincuntur.
402 1065 448 1122 vt.
468 1065 530 1136 ipsc
544 1065 636 1138 logum
649 1073 678 1124 et
692 1069 830 1125 societatis
842 1067 1062 1126 tundamentum.
1076 1071 1136 1130 vll.
1152 1073 1232 1130 Nulla

109 1143 270 1210 auctoritas,
289 1139 333 1196 vel
348 1140 501 1212 inperium,
523 1141 581 1196 sine
594 1140 736 1216 religionen
750 1144 822 1200 vttl.
847 1144 986 1217 inaniaque
1006 1145 1087 1202 verbe
1108 1148 1231 1220 aequitas

109 1217 255 1285 naturalis,
270 1215 325 1287 len,
347 1229 450 1286 poenae
465 1215 505 1271 vel
522 1219 653 1288 praemia.
671 1217 717 1274 tlt.
733 1221 886 1277 Brutorum
906 1235 986 1296 grex,
1001 1236 1056 1277 nou
1071 1223 1148 1278 civile
1162 1238 1230 1278 cou-

109 1295 236 1350 sortium.
251 1292 285 1348 Χ.
300 1291 381 1348 Nobis
394 1289 526 1365 lavantes,
547 1291 657 1350 Volterii
667 1302 696 1350 at
706 1295 862 1352 Rousseovii
876 1296 1106 1353 ratiocinationes.
1119 1297 1231 1355 xldie·

111 1368 176 1440 ligio
193 1383 259 1424 vare
274 1366 390 1438 sociatis,
405 1367 488 1423 obeo
502 1367 656 1425 immediate
670 1369 848 1440 expectanda.
864 1370 925 1426 llll.
938 1370 1086 1444 Religionis
1096 1374 1230 1429 naturalis

109 1445 218 1502 intirma
228 1444 269 1499 vis
279 1442 485 1499 demonstratur
499 1456 533 1498 ax
543 1442 633 1500 iactis.
646 1443 719 1500 Xlll.
730 1447 793 1503 dnsi
804 1446 1047 1510 divinamreticere
1058 1447 1228 1520 religionem,

108 1535 219 1650 omnem
233 1534 304 1590 pene
317 1533 333 1651 tte
348 1514 477 1662 ogdilbus
490 1520 682 1664 οέθιίυῃκίωυξ.
693 1520 769 1652 {tlt
781 1521 879 1578 Attrita
893 1519 1034 1596 religione,
1049 1523 1090 1580 ins
1104 1530 1132 1580 et
1147 1521 1230 1580 libcr-

120 1610 151 1651 as
164 1609 341 1652 evanescun.
407 1633 413 1648 .
452 1609 485 1650 ua
547 1609 691 1666 gtmusvra

197 1761 226 1826 Ι.
240 1758 512 1840 Quemadmodum
524 1775 542 1824 e
553 1759 683 1825 clariori
699 1759 767 1825 lnce
782 1759 914 1842 egressis
928 1761 1091 1828 obscenior
1106 1781 1169 1838 nor
1179 1765 1230 1829 ol·

106 1847 264 1924 sudditum
282 1849 327 1913 ita
344 1847 434 1912 nobis
450 1848 640 1930 contigeret,
661 1854 814 1930 corrupto
831 1851 966 1915 naturali
982 1852 1112 1927 lumine,
1129 1858 1163 1919 et
1177 1871 1229 1916 su-

105 1937 299 2018 pernaturali
316 1937 444 2018 depulso
459 1933 515 2021 (a).
529 1937 577 2004 Ne
589 1935 688 2018 igitur
702 1938 900 2003 humanitate
916 1940 1055 2020 expolita
1067 1946 1100 2005 et
1111 1940 1227 2005 divini-
1288 1945 1294 1958 ‘

106 2031 156 2088 tus
177 2030 350 2091 restaurata
368 2029 491 2098 natura,
510 2026 549 2089 ad
563 2027 726 2091 caecitatis
741 2032 774 2092 et
789 2027 1003 2110 corruptionis
1017 2028 1082 2092 ima
1098 2029 1228 2098 deiicia-

105 2118 171 2190 tur,
192 2115 259 2196 lege
275 2114 478 2194 rereligione
493 2114 689 2179 sanctissimo
703 2115 836 2183 Numinl
851 2121 900 2180 est
915 2116 1090 2197 religanda.

195 2204 240 2269 ΙΙ.
254 2204 337 2284 Lege
349 2203 483 2283 ligamur
493 2201 533 2265 ad
544 2221 580 2266 ea
592 2219 672 2285 quae
682 2199 813 2268 honesta
825 2203 1073 2286 conspiciuntur:
1094 2205 1225 2287 religio·

102 2309 143 2354 ne
160 2293 298 2368 vero‚ad
313 2309 349 2355 ea
364 2307 444 2374 quae
460 2307 534 2372 erga
542 2292 643 2356 Deum
658 2291 773 2375 ipsum,
784 2310 858 2378 erga
874 2311 943 2367 nos,
955 2311 1030 2375 erga
1041 2296 1223 2360 ceterosiu-

100 2387 150 2445 sta
166 2386 252 2456 sunt,
270 2382 386 2447 iterum
400 2377 649 2460 religamurust
663 2380 763 2461 igitur
779 2386 910 2446 naturae
923 2387 1103 2464 progressus
1119 2400 1137 2448 a
1154 2383 1223 2465 tege

101 2470 141 2532 ad
157 2471 359 2552 religionem,
383 2485 444 2550 qua
460 2469 589 2552 propius
610 2469 650 2534 ad
664 2469 766 2536 Deum
781 2469 968 2547 accedimus,
994 2471 1086 2553 eique
1101 2471 1223 2538 firmius

101 2555 354 2643 copulemur(b).
1289 2572 1294 2581 '

194 2650 254 2714 ΙΙΙ.
265 2649 333 2714 Lex
347 2649 395 2710 est
409 2644 457 2709 ius
472 2647 614 2711 cordibus
629 2647 831 2730 insculptum,
841 2648 896 2712 sed
910 2647 1111 2714 obseruatum
1123 2641 1224 2714 inter-

100 2737 191 2813 dum,
210 2755 337 2818 amoene,
355 2740 486 2800 naturae
501 2731 620 2800 limitas
636 2753 699 2799 non
715 2736 880 2800 excedens:
895 2737 1010 2819 religio
1026 2754 1100 2802 vero
1114 2754 1223 2820 quaen

100 2829 167 2891 sola
181 2831 293 2892 natura
305 2831 365 2898 cst,
377 2823 451 2888 licet
462 2823 575 2889 iisdem
591 2824 744 2906 angustiis
758 2825 925 2900 alliciatur,
936 2843 970 2890 se
986 2830 1093 2891 tamen
1109 2826 1224 2891 extulit

100 2916 127 2978 si
144 2921 278 2980 externa
297 2913 489 2978 revelatione
503 2913 708 2995 compleatur.
726 2913 811 2981 Haec
826 2913 912 2978 enim
928 2914 1013 2979 idem
1030 2918 1159 2979 naturae
1176 2914 1224 2978 ius

100 2995 290 3085 pertractat,
302 3001 466 3082 pervulgat
477 3006 510 3067 et
521 3001 634 3067 defidit
645 3001 795 3077 securius,
805 3001 989 3068 sublimiora
1001 3001 1163 3067 effundens
1174 3003 1224 3066 lu·
1291 3048 1294 3053 ,
1345 2993 1351 3010 “

101 3092 192 3156 mina
207 3097 240 3157 at
254 3090 383 3165 eumilo,
401 3089 570 3174 omniaque
593 3089 724 3184 certiori
739 3090 868 3156 firmans
884 3091 1048 3158 sanctione
1066 3091 1101 3157 ct
1115 3095 1223 3157 aucto·

100 3181 212 3246 ritate.
362 3204 366 3212 ·

192 3268 251 3334 lv.
265 3267 350 3350 Ergo
361 3267 392 3334 si
407 3268 456 3331 ius
472 3271 603 3332 naturae
619 3272 669 3342 cst
679 3266 782 3350 pmma
794 3267 938 3350 gentium
954 3267 1051 3332 texet
1066 3245 1222 3333 constitu·

101 3356 161 3432 tio;
171 3357 285 3439 religio
297 3357 447 3421 naturalis
459 3361 491 3422 et
500 3353 830 3438 supernaturalis‚tota
841 3355 996 3439 simulque
1008 3355 1132 3438 integra
1144 3373 1221 3439 qua·

180 3529 220 3607 toi
235 3531 381 3604 Naturalis,
394 3547 439 3588 ex.
453 3544 497 3602 gr.
510 3531 660 3604 aequalitas
670 3538 699 3589 et
708 3531 871 3602 fraternitas,
884 3545 1002 3604 qnamm
1015 3535 1090 3590 tanta
1108 3537 1150 3589 est
1161 3531 1221 3589 lans

101 3611 127 3665 in
136 3605 299 3680 Evangelio,
316 3607 367 3663 boc
381 3605 598 3680 depulsorque
612 3607 676 3664 illac
686 3614 833 3680 reguntur,
844 3606 878 3664 ad
894 3605 1039 3663 socialismi
1052 3613 1080 3664 ct
1094 3616 1219 3664 commu·

101 3683 183 3740 nismi
197 3688 322 3740 extrema
335 3680 539 3740 delaberentur.
555 3684 617 3754 losa
630 3682 743 3740 libertas
755 3681 911 3754 evangelico
920 3681 1039 3753 turpiter
1049 3683 1076 3740 in
1087 3685 1219 3740 omnimo·

102 3759 165 3816 dam
179 3758 319 3814 licentiam
338 3764 382 3814 est
396 3771 538 3814 conversa.
553 3757 681 3815 Sublimis
695 3762 777 3830 atque
797 3757 966 3828 amplissima
985 3757 1026 3812 vis
1039 3773 1072 3813 ac
1085 3755 1214 3832 dignitas,

102 3850 183 3905 quam
189 3831 367 3906 Evangelium
377 3833 511 3890 mentibus
521 3837 603 3906 atque
611 3833 706 3890 animis
716 3832 817 3907 attulit,
828 3833 855 3888 in
869 3832 993 3890 latiorem
1008 3833 1083 3908 tieret
1097 3835 1216 3908 ruinam,

103 3910 124 3964 si
138 3908 222 3966 modo
235 3908 270 3963 ab
283 3907 438 3980 evangelica
451 3923 547 3965 norma
560 3907 760 3976 desciscomus.
770 3907 846 3964 Unde
860 3909 981 3967 omnium
996 3908 1216 3977 pestilentissima

104 3985 183 4042 tieret
195 3981 349 4055 barbaries,
365 3998 435 4055 quac
448 3999 483 4040 ex
496 3990 626 4056 corrupta
639 3988 815 4042 coerceretur
826 3984 977 4057 'christiana
990 3982 1126 4040 civilitate.

180 4058 216 4132 tbi
236 4059 297 4116 Non
317 4058 408 4130 placet
427 4059 565 4116 Ciceronis
584 4060 731 4132 sententia,
746 4058 905 4130 religionem
918 4074 935 4114 o
947 4057 1099 4132 relegendo
1118 4059 1219 4116 dictam

99 4134 286 4191 existimantis
302 4131 357 4207 (Dc
369 4137 436 4191 nat.
452 4139 591 4202 Deorum,
606 4135 642 4208 ll,
660 4133 730 4208 ⁷²·i·
744 4135 854 4191 Rectius
867 4149 882 4189 a
895 4131 1058 4208 reticendo,
1075 4133 1148 4206 quod
1159 4135 1218 4191 eius

101 4208 210 4266 vinculo
222 4208 348 4284 reliquit
357 4213 386 4266 ct
396 4209 521 4267 obstricti
531 4211 588 4268 lico
597 4209 694 4267 simus:
710 4229 722 4261 r
735 4211 793 4266 Hac
804 4206 957 4266 conditione
970 4209 1117 4281 gignimur,
1129 4215 1159 4264 ut
1167 4219 1218 4282 ge·

101 4287 208 4370 neranti
228 4300 280 4341 nos
293 4286 348 4342 lteo
362 4285 431 4341 iusta
444 4293 473 4342 et
487 4285 581 4371 debita
590 4284 719 4358 obsequia
739 4283 930 4357 praebeamus3
945 4285 1017 4341 bunc
1030 4282 1116 4340 solum
1136 4299 1217 4370 nove·

101 4360 1218 4509 lliotl‘tltiii·„ill'liiiltliltiiittiliiiltlill:

102 4509 280 4582 arclegendo
296 4515 352 4567 etc.
369 4513 523 4584 (baernum,
532 4510 600 4571 oto.
610 4511 749 4588 Inst.,lV‚
761 4509 819 4583 28.)
833 4510 894 4569 vid.
906 4513 1035 4582 Sunvrns,
1046 4508 1081 4568 ad
1095 4507 1215 4565 Aeneid.

101 4585 170 4658 litt,
189 4587 488 4662 349.-S.Tnou.‚l‚
506 4589 541 4663 ll,
556 4603 585 4661 q.
602 4586 649 4662 tt,
663 4603 689 4644 a.
709 4591 734 4661 ¹3
749 4588 786 4645 id.
806 4587 914 4662 Opvrsc.
934 4587 1019 4723 192100.
1039 4592 1063 4641 t.
