3222 5282
444 335 489 402 di
889 353 983 402 arnan
999 353 1019 402 1.

400 530 468 580 ram
478 506 531 666 (cyil.
541 510 810 594 Hincaupremum
820 513 948 578 moralis
956 493 1157 594 perfeetionis
1166 506 1368 572 elementum:
1380 498 1511 582 Reliqio.

523 599 580 665 Vl.
598 599 646 666 Ex
663 600 820 680 praeiacta
835 600 1116 672 demonstratione,
1134 595 1293 680 sequentia
1309 591 1515 683 colliguntur:

402 689 434 754 1.
452 689 557 756 Homo
572 688 710 768 seipsum
725 689 909 767 discutiens,
925 691 960 754 in
975 686 1133 769 superiori
1145 685 1193 748 sui
1204 687 1305 766 parte,
1321 677 1451 744 moralis
1467 693 1520 738 cu-

399 777 521 842 iusdam
535 776 740 858 perfectionis
753 777 864 859 legem,
878 796 941 844 non
954 776 1052 860 ipsius
1064 774 1225 855 exemplar
1237 773 1392 836 intuetur.
1410 769 1445 830 2.
1461 763 1520 828 Le-

398 882 472 946 gem
488 871 611 940 tenens,
632 879 669 929 ac
684 883 741 947 per
756 866 843 931 illam
858 867 989 932 rebelles
1009 864 1170 929 inferioris
1186 877 1258 924 suae
1272 857 1372 942 partis
1387 856 1521 919 conatus

397 953 635 1029 transcendens,
659 953 692 1017 in
708 954 809 1019 Deum
825 961 986 1039 tamquam
1009 949 1272 1036 perfectissimum
1290 947 1340 1011 sni
1357 941 1521 1022 exemplar

397 1043 551 1108 ascendit.
570 1039 603 1107 3.
622 1043 705 1106 Dum
719 1041 829 1108 haeret
843 1044 939 1119 ratio,
956 1041 1160 1125 purissimum
1175 1037 1322 1120 spiritum
1338 1051 1356 1096 a
1369 1046 1520 1129 corporea

394 1131 600 1197 concretione
615 1135 773 1196 remotum
790 1133 948 1214 quomodo
964 1132 1031 1214 ipsa
1048 1130 1194 1194 imitetur
1205 1143 1268 1189 non
1288 1121 1467 1189 inveniens,
1485 1117 1522 1178 rl-

396 1219 438 1295 le,
462 1219 580 1286 visibili
603 1219 717 1302 specie,
737 1221 922 1286 mortalibus
942 1217 1199 1300 conspiciendum
1219 1213 1356 1296 seipsum
1373 1207 1518 1292 praebet,

395 1309 599 1389 perfectionis
616 1310 727 1374 ducem
744 1313 776 1374 et
792 1311 965 1390 exemplar.
1410 1386 1418 1398 ι
1495 1381 1502 1396 ‚

482 1398 590 1465 xvn.
609 1396 731 1479 Duplex
746 1396 851 1479 itaque
866 1398 1003 1464 humana
1018 1394 1185 1478 perfectio:
1199 1391 1261 1456 alia
1273 1385 1448 1486 naturales,
1462 1383 1522 1444 alra

393 1486 700 1566 supernaturalium
713 1485 843 1551 alteram
857 1488 896 1550 ab
908 1486 1006 1552 altera
1018 1483 1184 1557 distrahas,
1203 1485 1348 1544 naturam
1360 1474 1524 1574 qualus-est

396 1593 460 1639 non
477 1576 632 1657 perficies,
649 1574 715 1638 imo
733 1592 790 1640 nec
813 1575 966 1649 invenies}
990 1590 1091 1656 neque
1107 1572 1174 1636 eius
1189 1569 1269 1635 votis
1285 1566 1332 1632 uel
1353 1565 1524 1628 necessita-

394 1663 478 1729 tibus
494 1664 677 1730 satisfacies.
697 1663 798 1730 Simul
813 1662 929 1728 iunctis
945 1663 1030 1727 vides
1045 1660 1209 1726 hominem
1225 1674 1243 1720 a
1259 1654 1398 1720 naturali
1416 1648 1525 1752 perie-

393 1753 511 1828 ctione,
537 1753 636 1818 indita
653 1751 695 1826 vi,
721 1751 798 1816 ierri
814 1752 852 1815 ad
869 1751 1151 1834 supernaturalem,
1176 1745 1350 1810 damnitae
1367 1745 1525 1824 angustus

394 1857 529 1923 pressus,
548 1842 593 1906 vel
611 1846 739 1906 naturae
754 1840 844 1905 bonis
859 1845 892 1905 et
905 1840 1028 1922 gaudiis
1044 1853 1203 1919 nunquam
1218 1835 1395 1917 quiescens,
1416 1829 1458 1892 ad
1470 1828 1525 1928 bo-

394 1947 471 1992 nnm
492 1929 586 1993 nullis
609 1928 762 1993 limitibus
777 1929 958 1993 conclusum
972 1923 1106 1993 infinite
1121 1925 1267 2005 suspirat.
1295 1921 1356 1986 Sed
1372 1919 1526 1981 immanls

394 2016 586 2081 interiieitur
601 2016 742 2100 abyssus,
766 2018 851 2081 nullo
866 2017 941 2081 dato
955 2034 974 2080 a
990 2020 1100 2080 natura
1118 2013 1238 2077 lumine
1259 2009 1305 2072 vel
1322 2013 1438 2091 ponte,
1465 2022 1526 2087 quo

394 2104 485 2168 finita
500 2109 643 2169 creatura
659 2104 804 2170 ascendat
826 2104 1054 2174 adinfinitum.
1076 2107 1136 2168 Ast
1148 2107 1224 2166 tunc
1239 2099 1342 2162 Deum
1365 2095 1457 2161 vides
1473 2094 1527 2156 de-

393 2193 597 2257 scendentem
610 2193 746 2267 ecaelis,
755 2193 809 2275 qui
820 2198 978 2274 assrnnpta
987 2193 1045 2258 sibi
1053 2190 1261 2261 humanitate,
1272 2187 1426 2277 abyssum
1438 2199 1527 2247 cour-

395 2281 585 2364 plet,lumen
595 2285 630 2347 et
641 2281 776 2362 gratiam
788 2281 960 2356 effundens,
971 2299 1007 2346 ae
1016 2286 1089 2361 post
1101 2298 1134 2343 se
1145 2277 1286 2342 divinum
1299 2273 1528 2354 magisterium

396 2369 692 2453 relinquens,laotus
703 2370 768 2443 vio,
779 2370 896 2434 venitm
906 2378 934 2433 et
946 2369 1085 2434 vitellio
1094 2367 1167 2431 finis
1182 2381 1244 2449 quo
1256 2361 1529 2428 clementissimus

396 2457 480 2522 Deua
496 2459 665 2524 humanam
681 2458 852 2523 cumulavit
867 2462 1023 2530 naturam;
1048 2457 1125 2520 llaec
1137 2458 1238 2540 meta,
1257 2451 1335 2514 baec
1351 2450 1530 2530 perlectio-

398 2546 448 2610 nis
463 2565 596 2622 summa,
620 2549 768 2627 adquam
784 2551 888 2622 cetera
903 2547 1094 2626 diriguntur3
1112 2543 1183 2617 bac,
1205 2540 1315 2604 omnia
1330 2539 1527 2610 clarescunt,

397 2651 436 2700 ex
452 2634 510 2698 bac
526 2635 627 2698 officia
643 2637 676 2699 et
692 2633 775 2714 leges
790 2635 958 2714 prodeunt,
977 2633 1089 2715 quibus
1105 2632 1187 2696 vitae
1202 2646 1310 2693 cursus
1325 2631 1417 2692 recte
1434 2627 1531 2690 insti.

397 2726 506 2786 tuatur
524 2729 618 2802 atque
634 2721 810 2786 ordinetur.
832 2721 995 2800 *Quoniam
1010 2739 1083 2786 vero
1099 2738 1205 2783 rerum
1221 2715 1417 2781 naturalium
1434 2721 1471 2779 et
1481 2715 1532 2780 'ci-

398 2809 510 2872 vilium
522 2813 710 2873 tractatores
722 2813 866 2872 naturam
876 2811 1081 2873 seiunxerunt
1093 2827 1111 2872 a
1123 2808 1197 2882 tine,
1206 2805 1348 2868 humana
1360 2821 1379 2866 a
1392 2803 1529 2874 divinis,

398 2897 517 2960 lumine
532 2900 654 2960 remoto
669 2911 706 2960 ao
720 2899 817 2970 meta,
836 2897 982 2979 adquam
999 2896 1167 2969 trahimur,
1190 2893 1229 2958 ad
1244 2910 1340 2974 quam
1356 2893 1533 2956 contendi-

399 3002 480 3058 mus;
492 2985 563 3047 ideo
580 2984 801 3065 perturbantur
815 2975 1025 3065 officia,leges
1042 2985 1161 3065 legibus
1176 2973 1331 3063 pugnant,
1343 2982 1480 3061 languet
1497 2998 1532 3044 ac

397 3072 552 3138 scinditur
566 3072 733 3136 bominum
755 3072 928 3144 convictum
953 3076 986 3136 et
1000 3089 1148 3152 praesens
1163 3072 1356 3143 societas,ut
1371 3069 1459 3132 olim
1477 3087 1533 3150 pa-

398 3178 490 3242 gana,
508 3161 573 3223 iam
589 3160 655 3225 lere
670 3159 752 3223 unde
766 3159 808 3225 sit
828 3160 966 3239 ignorat,
985 3160 1060 3241 quid
1076 3163 1160 3242 agat,
1178 3177 1244 3239 quo
1258 3161 1385 3238 pergula

487 3248 610 3313 XVIII.
624 3247 714 3313 Alios
725 3247 862 3311 latemur
872 3264 938 3310 esse
949 3246 1086 3322 divinae,
1106 3248 1185 3311 alios
1200 3247 1358 3309 humanae
1370 3243 1534 3326 iurispru·

398 3336 525 3400 dentiae
540 3335 631 3399 fines.
650 3334 711 3401 Sed
725 3352 823 3415 quum
845 3339 978 3414 utraque
992 3337 1136 3399 eumdem
1160 3333 1338 3408 hominem,
1363 3335 1535 3398 eamdem-

294 3423 295 3426 ’
398 3440 459 3503 que
468 3422 634 3486 hominum
642 3422 826 3486 societatem
838 3421 1062 3486 instituendam
1071 3441 1108 3488 ae
1116 3422 1343 3507 perficiendam
1356 3422 1531 3505 suscipiat,

478 3590 517 3665 (a)
529 3591 653 3649 hdvantu
662 3591 759 3649 Christi
770 3605 822 3648 non
832 3589 892 3649 sola
904 3592 1052 3662 dogmatae
1064 3594 1139 3652 eaelo
1145 3594 1238 3653 delata
1246 3600 1321 3663 sunt,
1330 3593 1436 3667 quibus
1449 3611 1535 3654 men·

401 3674 441 3723 tes
455 3665 589 3720 humanae
601 3667 636 3721 ad
649 3665 777 3722 caelestia
792 3666 1018 3743 conscenderent,
1033 3670 1081 3728 sed
1095 3672 1206 3727 moralia
1224 3685 1334 3744 quoque
1355 3681 1531 3746 praecepta,

400 3738 659 3809 obscurataalioubi,
667 3739 762 3797 alieubi
774 3740 928 3814 obliterata,
943 3758 1037 3800 novam
1049 3742 1410 3817 iterumpromulgationem
1421 3752 1454 3800 et
1466 3762 1533 3802 sau·

401 3815 518 3896 ctionem
531 3819 704 3898 aeceperunt:
724 3816 876 3887 nappamit
890 3819 959 3872 anim
971 3820 1056 3890 gmtia
1070 3821 1116 3875 liei
1129 3819 1277 3876 salvatoris
1291 3820 1379 3875 nostrl
1394 3821 1532 3876 omnibus

401 3884 562 3970 hominibus,
576 3886 702 3942 erudiens
716 3905 775 3961 nos,
790 3897 821 3947 ut
834 3890 1002 3962 abnegantes
1016 3894 1183 3964 impietatem
1196 3900 1225 3950 et
1240 3892 1396 3950 saecularia
1411 3893 1534 3952 deside·

401 3974 454 4030 na,
470 3974 573 4029 sonam,
588 3966 615 4014 et
629 3976 717 4032 rossa,
733 3970 761 4020 et
775 3981 821 4021 rra
834 3965 953 4022 vivamus
973 3967 999 4022 in
1013 3967 1064 4022 hoo
1078 3968 1198 4039 saeculo,
1213 3974 1398 4039 expectantes
1413 3968 1532 4026 beatam

402 4046 491 4101 spem,
510 4037 538 4086 et
550 4030 697 4090 adrentum
716 4037 816 4108 gloriae
830 4041 919 4112 magni
935 4041 992 4113 bei,
1013 4047 1041 4096 et
1054 4042 1202 4098 salvatoris
1222 4045 1311 4099 nostrl
1328 4044 1392 4098 lesu
1407 4045 1530 4102 Christi:

403 4105 539 4176 (Epion,
556 4104 589 4175 ll,
609 4108 726 4179 11·1a.·l
741 4114 839 4170 Sobria
852 4129 919 4185 erga
933 4130 992 4183 nos,
1007 4118 1083 4172 iusto
1096 4131 1163 4187 erga
1177 4115 1258 4186 aiios,
1276 4121 1327 4190 pie
1341 4132 1411 4188 erga
1425 4120 1532 4175 Deum:

402 4192 470 4260 quae
484 4177 566 4231 verba
579 4193 684 4261 omnem
698 4185 847 4244 officiorum
862 4188 959 4244 seriem
975 4192 1056 4260 atque
1069 4191 1192 4246 ordinem
1206 4191 1347 4249 exhibent.
1365 4193 1448 4249 Unde
1462 4209 1533 4250 vere

404 4250 543 4320 impletum
556 4250 817 4336 turtqsaeramantnm
831 4262 975 4318 voluntatis
989 4263 1047 4333 Dei,
1063 4265 1141 4320 cuius
1155 4270 1217 4321 erat
1230 4265 1444 4336 beneplacitum
1460 4290 1474 4318 u
1490 4269 1534 4324 in·

404 4330 529 4380 staurare
542 4339 630 4408 omnia
641 4342 667 4380 nr
676 4330 793 4407 cbristo,
805 4351 873 4406 quae
887 4336 1018 4407 incaelis,
1033 4344 1062 4393 et
1071 4354 1142 4412 quae
1154 4340 1180 4395 in
1191 4345 1267 4396 terra
1278 4346 1346 4397 sunt
1360 4363 1372 4392 u
1388 4342 1533 4414 (Epicu,

405 4399 427 4469 l,
447 4399 501 4467 lo.)
522 4396 630 4488 Scilicet
644 4405 776 4464 naturalia
789 4425 895 4466 morum
910 4417 1054 4480 praecepta
1073 4428 1144 4485 quae
1158 4414 1210 4469 iarn
1228 4415 1430 4484 portationem
1447 4425 1533 4487 pate-

402 4471 568 4557 bantaquoe
581 4487 612 4528 m
624 4475 707 4560 tamn
719 4487 800 4548 sitnm
809 4490 837 4540 et
850 4499 920 4556 quae
935 4485 1115 4542 immortalem
1130 4477 1258 4546 naturam
1268 4488 1303 4545 ad
1318 4495 1535 4562 supernatura·

402 4544 436 4602 ln
449 4544 602 4615 aagendam
616 4562 729 4609 maranae
743 4559 909 4626 spectabant:
927 4573 1002 4630 patae
1015 4563 1046 4614 ln
1061 4559 1163 4618 caetis.
