3224 5282
578 319 713 374 monna
727 323 763 378 ιι.
1121 307 1187 378 ιιιι

107 467 137 536 le
152 465 287 534 babetur
300 483 378 550 gans
391 483 473 552 we
487 470 619 536 aeram
634 467 684 534 ιιι
695 467 864 538 aeramen
874 469 1085 536 srmousiones
1099 487 1231 539 nonae-

105 555 218 640 cipirt.
235 557 369 640 ipsaque
389 556 509 624 tributa
529 571 610 640 quae
631 555 785 625 directum
805 557 1035 628 simenimam
1050 565 1175 636 verme
1195 563 1232 630 nt

103 645 193 712 inter
207 651 355 729 parentes
370 650 403 713 et
417 645 513 720 lilios,
530 662 656 726 semper
667 663 761 712 exoso
776 646 884 712 bebita
895 651 981 722 subtr
991 650 1025 714 et
1038 645 1067 712 si
1081 653 1170 716 rents
1181 648 1232 716 in·

105 734 237 818 spirius,
252 734 478 800 eommunisrui
493 735 541 800 vel
552 733 724 801 soelalismi
734 735 926 802 sunt-initio.
940 735 988 804 llo
1000 734 1088 802 onim
1098 736 1234 804 tondunt

105 823 164 890 illa
180 823 312 898 tributa,
326 828 364 888 ut
377 823 519 909 lamiliae
530 822 762 890 imminuantur
771 841 809 890 ae
819 823 1041 892 debilitentur.
1051 825 1150 907 amni
1162 826 1234 894 nui-

105 913 137 980 la
153 912 283 994 egregia
297 916 332 978 et
344 911 441 978 tortis
454 912 601 986 societas,
619 912 671 978 eui
686 911 785 980 fortia
795 913 901 981 desint
912 913 1080 980 elemento:
1094 911 1235 980 elemen-

107 1006 141 1070 ta
156 1019 234 1066 vero
250 1000 361 1083 quibus
375 1004 613 1083 coagmentatur
627 1000 774 1078 meteres,
790 1006 865 1070 sent
879 1000 1084 1070 familiaesi
1094 1000 1236 1070 familias

107 1090 318 1164 roborantur,
334 1089 502 1154 roboratur
516 1089 661 1164 societasr
679 1090 705 1154 si
719 1092 809 1173 plura
831 1089 961 1165 babent,
977 1089 1067 1172 plum
1085 1089 1120 1156 in
1134 1091 1236 1160 sneis-

109 1183 213 1246 tutem
228 1177 405 1254 conierent3
423 1179 452 1244 si
463 1195 577 1260 magna
592 1177 763 1258 possident,
774 1195 889 1261 magna
900 1178 1084 1248 adnitentur
1098 1178 1134 1246 in
1149 1197 1236 1248 oom-
1346 1243 1348 1248 ,

109 1285 243 1336 munem
257 1267 444 1343 utilitatem
455 1267 483 1332 si
499 1283 555 1332 sue
569 1266 762 1350 diligunt,et
776 1269 960 1336 messuram
971 1267 1154 1337 tuebuntur.
1164 1269 1237 1351 Qun

108 1355 213 1438 igitur
235 1355 432 1439 ingeniosior
446 1359 615 1438 peremtum
629 1355 784 1424 industria
801 1371 838 1428 ao
851 1356 1031 1424 sollicitudo
1048 1357 1084 1422 in
1098 1358 1237 1442 curanda

108 1445 236 1512 lomilia
250 1462 288 1510 ee
302 1443 602 1527 maenomenon,
620 1462 659 1510 eo
680 1445 795 1512 maiori
818 1445 973 1512 banorum
992 1444 1084 1529 eopia
1102 1446 1238 1514 societas

110 1535 249 1600 ditesoet
262 1550 300 1600 ao
315 1533 513 1612 dilstabiturr
529 1551 631 1616 eoquo
644 1535 847 1606 studiosiores
870 1535 942 1609 filii,
958 1539 995 1602 nt
1009 1551 1082 1600 oum
1097 1534 1238 1618 parenti·

54 1649 57 1653 ·
109 1624 168 1688 bus
183 1622 383 1704 allaborent,
399 1623 501 1706 iisque
515 1624 738 1707 obsequuntur,
749 1622 1113 1708 siequoooniunetiones
1128 1623 1239 1690 donao-

109 1711 211 1778 sticae
219 1712 435 1795 pulchriorem
441 1713 625 1780 sooietrtem
633 1711 855 1792 elicientQua
868 1714 902 1778 in
914 1730 949 1778 re
960 1712 1030 1778 iura
1042 1729 1105 1778 non
1118 1713 1239 1780 violon-

110 1807 166 1870 tur
181 1801 238 1866 sod
252 1806 454 1878 exercentnm
470 1802 553 1884 quod
568 1801 655 1868 enim
667 1802 743 1868 lieet
753 1803 810 1869 nni
822 1800 1057 1876 iamiliea,lioet
1067 1799 1237 1868 universisr

112 1907 234 1972 nempe
256 1907 330 1972 opes
346 1908 474 1972 engere,
491 1896 607 1958 auctas·
621 1909 695 1959 vero
712 1891 788 1959 liliis
811 1890 948 1958 tradere.
965 1893 1035 1957 imo
1052 1890 1085 1956 id
1103 1888 1240 1972 requirit

113 1979 272 2047 naturalis
284 1978 412 2046 libertas
424 1980 647 2065 etaequalltas:
657 1980 865 2066 undemirum
878 1977 1241 2052 estdemoeratioosbo-

113 2069 221 2133 minee‘
234 2068 316 2134 banc
328 2067 389 2133 sibi
401 2073 434 2134 et
445 2071 508 2136 suis
520 2069 703 2153 anquirendi
715 2075 748 2138 et
760 2068 905 2134 tradendi
917 2067 1178 2152 libertatemque
1190 2068 1241 2136 ni·

111 2157 159 2222 bil
170 2157 309 2223 babetur
321 2159 422 2238 magis
434 2160 586 2243 populare
598 2160 646 2227 vel
657 2153 917 2233 democretioum,
927 2157 1048 2223 directo
1058 2157 1107 2222 vel
1119 2173 1176 2239 per
1187 2174 1242 2223 ιιι·

112 2246 239 2313 nionlos
254 2245 420 2329 impetere.

206 2334 299 2401 xlv.
316 2334 408 2400 Nulla
423 2335 523 2419 igitur
544 2335 719 2402 naturalior
735 2334 797 2412 lex,
816 2351 911 2419 quam
929 2337 966 2400 ut
987 2332 1013 2398 ii
1028 2333 1119 2398 nobis
1132 2350 1239 2400 suone·

113 2423 208 2496 dant,
226 2441 303 2506 qnos
318 2422 399 2487 ulios
414 2425 617 2506 nosmetipsos
632 2424 753 2506 vrrlgari
774 2440 922 2489 sermone
943 2421 1148 2506 appellamus.
1167 2422 1240 2490 Sive

113 2517 226 2584 autem
241 2530 297 2578 eos
311 2529 409 2576 unum
422 2517 542 2580 rectum
557 2513 722 2580 contineat
733 2512 798 2579 sive
810 2529 887 2586 non,
901 2527 1098 2594 quacumque
1112 2511 1178 2576 sint
1188 2529 1241 2578 ιι-

114 2607 183 2668 tate
200 2601 251 2666 vel
266 2600 460 2680 conditione,
478 2601 513 2666 in
528 2596 568 2668 iis
585 2604 697 2666 ustura
715 2601 825 2666 eadem
840 2606 899 2666 est.
917 2601 990 2681 lpse
1004 2616 1059 2665 eos
1073 2599 1239 2681 sanguine.

115 2689 402 2756 necessitudinibus
415 2707 452 2756 ae
466 2689 587 2755 iuribus
600 2689 876 2756 coniunctissimos
888 2688 976 2754 lecit:
995 2688 1157 2770 legislator
1167 2707 1242 2754 vero

115 2785 266 2845 annnam
281 2777 370 2862 sequi
377 2782 417 2845 ιι
431 2777 595 2861 perurere,
614 2796 678 2843 non
694 2784 837 2845 evertere
851 2777 955 2842 debet.
972 2777 1121 2844 Naturali
1135 2781 1243 2844 autem

114 2867 185 2934 iure
203 2871 237 2933 et
253 2867 348 2943 laeto,
365 2871 400 2934 ut
415 2868 523 2950 planta
544 2868 703 2934 radicibus
718 2871 837 2936 terram
856 2884 928 2932 oom
950 2866 1091 2942 leetitur‚
1109 2866 1154 2931 ita
1168 2884 1243 2958 pro-

115 2958 238 3114 Brietas
253 2955 289 3020 in
304 2952 427 3032 familia
442 2955 605 3039 defigitur;
614 2961 709 3038 atque
720 2955 793 3022 inde
804 2955 859 3022 illa
870 2885 1026 3022 evofvitur
1037 2958 1070 3021 et
1079 2961 1245 3038 permanet

13 3073 14 3078 ¹
107 3046 300 3121 ominum,
309 3046 516 3126 traditionum
527 3063 564 3112 ao
575 3045 694 3111 iurium
704 3045 815 3122 series.
823 3042 1241 3130 quaesooietesrppellsbn.

210 3133 287 3200 XV.
304 3133 390 3214 Quid
404 3152 491 3211 voro,
511 3133 540 3200 si
555 3152 614 3200 nee
629 3132 690 3208 lilii
705 3133 812 3201 adsint
833 3151 891 3200 nso
906 3138 1067 3217 parentes,
1085 3130 1245 3198 beredita-

116 3229 184 3290 tem
203 3224 379 3306 aeoepturii
393 3225 591 3307 Respondes,
608 3223 677 3288 iure
686 3222 902 3306 proprietatis,
916 3222 999 3304 quod
1015 3235 1175 3301 nunquam
1190 3219 1245 3286 de»

117 3313 200 3388 deit,
220 3330 378 3396 possessor
394 3329 473 3396 quos
487 3313 565 3379 velit
577 3309 708 3378 heredes
721 3312 849 3378 munet.
868 3309 1031 3394 Siquidem
1047 3309 1159 3373 endam
1173 3308 1245 3374 iure

109 3407 231 3467 nostra
247 3401 400 3483 largimur
411 3402 446 3465 in
458 3402 523 3469 vita
537 3405 570 3468 et
581 3401 615 3464 in
628 3404 745 3476 morte;
755 3406 788 3466 et
799 3416 935 3484 semper,
946 3403 983 3465 ut
995 3397 1124 3473 dieitur,
1134 3397 1243 3462 vinear

117 3492 306 3556 morientem
320 3491 534 3572 apprehendit,r
548 3496 581 3556 ιι
597 3489 700 3571 legem
714 3488 873 3554 libertatis
888 3488 1055 3562 humanae,
1070 3502 1131 3571 qua
1146 3484 1244 3552 bomo

117 3595 152 3644 se
163 3583 285 3661 suanus
294 3580 446 3663 possidat,
456 3595 616 3661 nunquam
626 3582 747 3645 evertet
758 3577 931 3660 legislator.
940 3577 1188 3651 Testamentum,
1200 3574 1247 3641 ait

117 3667 240 3733 nobilis
254 3669 497 3744 iureconsultus,
515 3667 693 3752 triumphus
707 3672 756 3733 est
769 3668 894 3732 animae
909 3665 1027 3730 liberae
1038 3669 1071 3732 et
1082 3664 1246 3729 immorta-

119 3756 171 3832 lls;
195 3760 289 3823 cuins
305 3758 458 3833 voluntas,
474 3756 600 3840 quoties
611 3757 716 3825 alieno
740 3755 804 3822 luri
821 3771 885 3823 non
909 3754 1039 3830 officiat,
1057 3754 1136 3818 odeo
1157 3769 1246 3818 saera

119 3847 573 3931 permanet‚quemadmodum
583 3859 672 3912 saera
680 3849 727 3912 est
737 3844 878 3911 bominis
891 3843 1020 3909 libertas
1030 3847 1064 3910 et
1075 3845 1186 3908 nature
1201 3837 1243 3925 1).
1303 3845 1314 3904 ι
1343 3844 1491 3919 tropum,

211 3937 305 4003 XVI.
322 3937 474 4012 Tandem,
492 3937 520 4002 si
531 3937 567 4002 iu
580 3953 615 4001 se
626 3937 693 4021 ipsa
705 3933 896 4002 inviolabilis
907 3937 956 3998 est
968 3931 1159 4016 proprietas,
1169 3930 1197 3995 si
1207 3931 1247 3996 li·
1267 3920 1303 3980 (ιθ
1324 3923 1494 3996 mittit·

118 4023 195 4088 nera
211 4031 310 4110 atque
324 4025 514 4092 inviolabilis
529 4030 718 4092 serstorum
741 4025 895 4100 voruntas
915 4021 1107 4088 inviolabilis
1122 4036 1247 4103 quoqu
1265 3999 1303 4066 a,
1317 3997 1362 4057 ιι·
1379 3996 1424 4057 Ν·

119 4112 182 4178 erit
198 4114 256 4181 illa
272 4116 449 4199 proprietas
464 4133 577 4198 quasa
592 4115 712 4181 civibus
727 4112 761 4178 in
777 4112 939 4179 communi
954 4111 1143 4194 possidetur,
1162 4109 1211 4173 nti
1227 4125 1246 4172 a

119 4202 226 4284 pagis,
244 4221 264 4269 a
280 4204 473 4289 municipiis,
488 4205 530 4270 ab
544 4205 698 4286 imperio,
715 4205 755 4270 ob
769 4203 909 4272 Eoolesia
930 4202 1058 4285 eiusque
1072 4194 1248 4264 sodalitati·

119 4289 188 4356 bus.
208 4292 335 4376 tibique
350 4295 436 4359 enim
451 4293 618 4380 amplioris
632 4292 774 4359 lamillne
789 4293 908 4376 imago,
917 4307 972 4356 seu
987 4306 1099 4374 eorpus
1114 4285 1246 4362 morula,

118 4381 260 4464 qnodex
270 4383 505 4452 individuorum
516 4381 678 4467 colligitur
688 4383 808 4450 iuribus
820 4387 853 4448 ιι
864 4380 1089 4449 voluntatibus.
1101 4371 1249 4460 Quapro-

118 4474 192 4551 pter
207 4471 287 4540 baee
303 4471 436 4540 moralia
451 4489 599 4556 corpore,
617 4475 683 4541 sive
694 4472 801 4542 civilio
812 4471 880 4540 sive
891 4467 1112 4542 ecclesiastiea.
1126 4479 1190 4532 non
1209 4479 1248 4532 ex

121 4555 353 4644 imperantium
360 4555 1247 4652 beneplacito,sedexliberabominnmnrtnrroonstant:
