3228 5280
438 327 507 396 lllltl
878 338 976 398 emes
987 343 1040 400 ιιι.

395 492 583 572 stinctione,
595 491 737 586 perlecta
747 505 824 562 sero
835 492 924 560 later
934 509 1008 560 ores
1018 485 1284 576 aequilitate„ius
1293 486 1470 558 Ecclesiae
1481 505 1538 574 po·

397 582 522 664 liticurp
534 587 567 647 ot
578 581 738 666 publicum
748 581 986 648 suislimitibus
1000 581 1146 666 apprime
1156 580 1324 646 definitur.
1339 580 1378 646 ln
1392 581 1535 663 pastori·

398 670 458 737 bus
471 670 602 752 regendi
614 671 663 745 ius
674 672 857 738 collaturus
871 669 1012 739 cbristo:
1024 670 1260 737 oribusautem
1273 667 1453 734 obediendi
1465 671 1536 734 odi·

397 759 483 826 dnm
499 758 791 842 pariterindictum
804 759 975 835 asbristo,
989 769 1187 844 quacumque
1201 758 1236 822 in
1252 757 1341 824 civili
1357 757 1535 824 dominatu

397 849 477 916 illae
484 846 627 930 iulgeant
635 848 806 934 dignitate.
814 850 898 930 Ergo
907 848 1068 938 Ecclesiae
1074 847 1275 913 aristocratia
1288 865 1354 911 non
1362 847 1468 912 latius
1478 863 1532 930 pa-

397 941 456 1014 tet,
468 953 657 1020 quamsacra
670 937 939 1020 ipsahierarcbim,
949 935 1179 1014 inlaicisvero‚
1190 935 1527 1017 respectchclosiae,

397 1026 486 1090 milla
496 1030 545 1090 est
555 1025 751 1093 democratia
762 1025 811 1094 rel
826 1025 1107 1103 aristocratia-sed
1118 1025 1257 1090 filiorum
1263 1041 1302 1090 ac
1309 1023 1457 1089 fratrum
1469 1041 1529 1088 una

397 1113 572 1196 eademque
585 1114 721 1182 fanilla.

402 1265 405 1274 .
486 1201 611 1270 xvlll.
629 1205 666 1285 ln
681 1204 787 1270 divina
800 1202 901 1286 igitur
910 1201 1073 1270 Ecclesiae
1088 1199 1320 1270 constitutione
1331 1199 1422 1265 nibil
1435 1200 1528 1284 plane

397 1291 687 1375 intellexermtqui
699 1294 784 1358 circa
794 1309 882 1358 sacra
890 1291 960 1374 ipso
972 1291 1168 1375 principibus
1182 1289 1397 1356 saecularibus
1410 1291 1487 1356 iura
1497 1306 1528 1354 a·

398 1379 485 1465 liquo
500 1380 756 1458 contulerunt,et
766 1381 914 1465 pascendi
926 1397 1049 1464 quoque
1061 1398 1097 1446 ac
1108 1380 1238 1464 regendi
1250 1377 1524 1455 iurisdictionem,

399 1469 450 1534 vel
463 1483 502 1534 ex
516 1468 722 1536 inferioribus
733 1470 870 1546 clericis,
881 1470 927 1535 vel
940 1468 1131 1552 explebibus
1142 1468 1335 1536 retulerunt.
1350 1466 1527 1533 Democra-

399 1557 501 1623 ticum
516 1557 577 1623 boc
588 1559 716 1626 sistema
730 1577 768 1625 eo
784 1559 853 1642 ipso
868 1557 1058 1642 exploditur,
1074 1559 1157 1643 quod
1169 1555 1336 1640 spirituale
1351 1556 1527 1640 imperium

393 1663 441 1712 es
451 1643 581 1712 Christo
591 1647 782 1714 illabebatur
792 1648 827 1712 in
839 1647 1072 1729 apostolosex
1082 1647 1132 1712 his
1144 1664 1217 1712 vero
1229 1645 1264 1709 in
1276 1643 1458 1710 inferiores
1468 1646 1528 1711 cle·

391 1734 497 1809 nicos,
511 1736 696 1820 neutiquam
706 1754 779 1802 vero
791 1735 913 1803 existis
922 1736 972 1801 vel
984 1753 1024 1800 ex
1034 1735 1177 1818 plebibus
1188 1736 1223 1799 in
1238 1734 1313 1798 illos
1324 1736 1523 1816 assurgebat.

394 1823 525 1890 ·Plurics
539 1825 667 1906 quidem
681 1825 773 1892 ruina
788 1825 878 1900 baec,
895 1823 1141 1892 ecclesiasticum
1157 1821 1380 1906 magisterium
1395 1825 1526 1905 penitius

401 1917 557 1988 evertens,
570 1918 748 1996 pertentata
765 1919 813 1981 est
824 1914 857 1979 in
869 1911 1022 1988 Ecclesia,
1036 1912 1207 1980 novissime
1221 1925 1347 1996 quoque
1360 1916 1465 1992 atque
1479 1929 1525 1977 ar·

401 1999 884 2077 dentissimeaProtestaniibus,
894 2018 913 2067 a
924 2002 1056 2084 legaleis
1066 2001 1180 2068 deinde
1192 2005 1226 2066 et
1234 1999 1525 2082 ¹lonsenistisadil-

401 2087 505 2154 lorum
516 2089 636 2172 placita
647 2092 880 2166 accedentibus,
894 2092 979 2173 quod
992 2109 1150 2172 summum
1161 2094 1231 2156 erat
1240 2089 1359 2173 populo
1370 2089 1524 2154 collatum

392 2175 586 2258 imperium
598 2187 707 2245 verum
717 2177 839 2250 Christi
849 2180 953 2246 verbis
964 2180 1101 2246 tirmiter
1112 2179 1282 2244 inhaerens
1289 2178 1451 2254 Ecclesia,
1461 2197 1524 2244 ser·

399 2265 896 2368 ¹varitseipsom,suamretineus
906 2265 1245 2336 institutionemNam
1253 2267 1521 2370 quemadmodum

404 2354 1523 2521 titillanti”stttbslttlli‘tldldlitldd

404 2533 523 2616 repulit
537 2533 795 2612 insurrectionem
805 2535 851 2602 sic
862 2553 921 2602 uec
930 2553 1019 2620 passa
1031 2538 1079 2600 est
1093 2535 1292 2620 presbyteros
1306 2533 1356 2599 vel
1368 2533 1520 2615 parochos

384 2617 395 2680 '.
405 2619 604 2705 insurgentes
616 2623 652 2698 in
662 2625 835 2709 episcopos
846 2638 946 2706 eoque
957 2625 1063 2690 minus
1074 2640 1301 2711 quamcumque
1311 2622 1455 2705 plebium
1467 2640 1520 2690 au-

403 2710 585 2778 ctoritatem
602 2711 636 2776 in
652 2719 804 2797 pastores.
817 2713 947 2779 Plebem
958 2714 1043 2780 ultro
1055 2713 1169 2780 accivit
1180 2712 1214 2776 in
1226 2709 1449 2786 electionibus,
1463 2729 1519 2792 po-

402 2799 584 2866 stulationis
596 2805 711 2883 gratia
725 2821 789 2868 non
804 2803 874 2868 iure
889 2801 1126 2885 suffragiorum
1135 2801 1188 2879 sed
1202 2800 1375 2882 prudenter
1390 2801 1518 2870 sustulit

403 2888 487 2969 quod
500 2888 599 2966 libere
614 2887 804 2966 contulerat,
821 2891 924 2956 turbis
935 2891 1001 2962 iarn
1012 2897 1046 2958 ct
1054 2891 1248 2960 lectionibus
1259 2887 1367 2954 omnia
1384 2889 1519 2956 miscen-

403 2977 501 3043 tibus.
514 2979 604 3046 Unde
613 2980 736 3046 ,mirum
748 2985 808 3056 est,
820 2980 1009 3064 populorum
1021 2982 1123 3048 turbis
1138 2981 1197 3046 bac
1210 2977 1456 3044 foecundissimo
1467 2995 1519 3043 aa·

403 3070 482 3140 tate,
502 3068 644 3136 extitisse
658 3069 783 3152 eosqui
797 3069 879 3134 banc
894 3069 1053 3138 Ecclesiae
1075 3067 1277 3152 prudentiam
1300 3066 1517 3149 imprudenter
1591 3074 1592 3093 ¹

397 3154 599 3223 ,vellicarent
609 3157 661 3223 ‘lla
672 3163 854 3224 sanctorum
866 3157 1054 3232 Ecclesiam,
1065 3157 1167 3240 qualis
1177 3157 1256 3222 olim
1267 3155 1444 3227 obtinebat,
1459 3156 1516 3222 ite·

403 3259 474 3307 rum
491 3244 628 3312 libenter
644 3266 707 3313 non
724 3248 829 3313 solum
844 3246 1028 3313 testimonia
1044 3247 1083 3311 de
1097 3245 1274 3330 pastoribus
1297 3242 1466 3324 eligendis,
1483 3251 1515 3310 ut

402 3349 485 3396 nuno
500 3333 539 3399 de
553 3335 735 3402 ordinandis
746 3335 882 3410 clericis,
895 3335 948 3400 sed
961 3353 1017 3400 eae
1032 3352 1112 3417 quae
1128 3332 1304 3416 antiquitus
1314 3331 1350 3402 in
1361 3332 1513 3413 eligendis

400 3414 576 3500 pastoribus
588 3426 923 3505 partesrestituentur:
934 3424 973 3488 da
985 3440 1147 3506 eamquae
1159 3438 1243 3486 nunc
1251 3424 1314 3495 est,
1328 3420 1405 3484 dum
1419 3438 1513 3502 regna

397 3508 468 3590 ipsa
479 3513 665 3595 populorum
678 3511 826 3596 procellis
832 3517 975 3580 extremo
983 3511 1094 3579 dolore
1100 3516 1133 3576 et
1144 3511 1213 3578 lato
1225 3508 1432 3582 deiiciuut‚et
1443 3526 1513 3590 per·

398 3599 661 3774 spicies(q)uantae
676 3600 951 3669 essetdementiae
973 3599 1182 3669 seditionibus
1205 3598 1349 3666 tomenta
1363 3597 1513 3664 submini·
1583 3686 1585 3764 1

397 3690 497 3752 strare
557 3738 566 3756 .
819 3733 821 3742 ι
870 3703 874 3714 ·
1231 3695 1236 3702 “
1293 3719 1297 3728 ·

478 3815 517 3890 tol
528 3817 579 3874 Est
585 3831 692 3891 quoque
705 3834 754 3876 sua
764 3817 904 3888 erroribus
914 3817 1039 3876 societas
1054 3813 1232 3891 nuperorum
1240 3813 1425 3873 democratica
1434 3830 1511 3888 prae·

399 3883 560 3950 dicabantur
572 3893 692 3965 imperio,
709 3900 822 3966 repenle
834 3893 1015 3951 democratica
1029 3893 1192 3952 afferebatur
1204 3890 1339 3950 Ecclesia.
1355 3890 1446 3948 Semel
1464 3908 1510 3964 po·
1581 3902 1583 3939 ι

400 3964 468 4039 pulo
478 3968 631 4025 commissis
643 3970 835 4041 episcoporum
845 3967 1030 4039 electionibus,
1042 3968 1136 4027 eadem
1146 3966 1218 4029 mala
1233 3968 1419 4038 irrumperent
1428 3968 1512 4026 inEo-
1580 3950 1582 4029 l

400 4041 526 4116 olesiam,
540 4058 609 4116 quae
623 4045 792 4117 inregimina
813 4042 970 4102 saecularis:
986 4042 1146 4110 turbulenta
1163 4044 1252 4102 omnia
1265 4047 1294 4100 et
1307 4040 1453 4100 lutulenta.
1469 4043 1510 4102 lut
1578 4090 1581 4105 .

400 4135 487 4194 unum
501 4120 528 4176 in
542 4118 675 4176 Ecclesia:
690 4119 808 4176 Pontifex
823 4119 957 4176 Romanam
978 4118 1191 4178 iurisdictionem
1204 4118 1508 4189 conlertepiaoopalem.
1577 4144 1580 4161 =

400 4193 545 4254 Haeretlce
558 4194 662 4252 luricu:
686 4192 856 4252 oL’ileotion
870 4194 907 4252 du
923 4193 1020 4267 peuple
1033 4191 1076 4252 e'st
1089 4195 1165 4252 seule
1178 4192 1334 4258 essentielle
1355 4208 1371 4248 a
1386 4190 1508 4252 l’itablis·
1576 4200 1580 4239 l

401 4279 509 4328 sement
522 4271 572 4330 dos
586 4269 712 4342 protelare
726 4269 810 4346 lapet-
826 4267 862 4326 de
875 4269 1003 4346 l'Eyltsc,
1015 4286 1047 4342 p.
1064 4268 1140 4343 578).
1155 4271 1304 4328 Nod'reote
1318 4267 1423 4348 Guizot:
1438 4271 1507 4326 «beo
1576 4260 1579 4289 ¹

400 4342 520 4420 iriques'
533 4352 582 4404 ont
597 4343 807 4420 ett'tonglemps
817 4345 915 4403 cboisls
929 4361 979 4417 par
992 4344 1067 4402 leurs
1078 4343 1265 4406 subordonnia
1280 4365 1291 4395 r
1306 4342 1507 4417 (idat-piade
1572 4348 1577 4417 l

400 4419 434 4478 lo
447 4417 553 4481 clota.
565 4424 738 4496 errdorope,
754 4425 770 4477 5
787 4417 884 4498 losoni.
898 4421 991 4478 Ριιιίι
1004 4421 1115 4494 qudem
1129 4421 1202 4480 varia
1215 4435 1266 4494 pro
1278 4419 1457 4490 temporibus:
1470 4421 1506 4476 nl·

402 4495 456 4551 mia
470 4497 631 4571 quandoque
651 4495 800 4568 principes,
815 4495 978 4571 quandoque
997 4496 1165 4568 populiensi
1184 4503 1260 4556 sunl:
1275 4495 1341 4554 nibil
1353 4501 1444 4552 umen
1456 4510 1504 4552 un·

403 4584 484 4644 quam
498 4573 570 4637 ultra
584 4571 778 4647 aemulationes
789 4571 863 4632 laicis
873 4574 1146 4638 macedonicam
1156 4570 1307 4634 iaclerloos
1317 4569 1504 4645 riieligercn·

1562 4766 1568 4873 l
