3228 5280
444 263 510 334 322
869 285 964 334 arara
978 284 1026 332 ιιι.

171 447 194 514 rt
209 446 261 503 tn.
285 444 338 518 xl,
360 449 377 511 ς
399 433 543 518 superius
557 432 770 502 recensuimus
789 433 830 518 t).
847 433 983 502 muudi
998 432 1124 514 generis
1138 437 1222 499 esset
1235 432 1419 508 dioecesum
1439 454 1521 502 nora

153 523 221 580 ΠΙ.
398 524 653 606 circumscriptio
669 523 719 590 sel
729 523 904 598 ordinatio,
914 524 1109 606 approbante
1118 523 1288 598 Pontitlce;
1298 523 1440 589 deornm
1451 528 1520 608 ple·

366 677 370 684 .
399 614 544 680 nitudiue
560 612 728 695 pastoralis
738 613 911 678 auctoritas
921 610 1144 694 proficiscitur.
1158 611 1327 676 Beneficiis
1337 615 1518 693 praesidet,

397 702 453 785 qui
469 703 572 768 otlicia
585 700 722 780 confert,
739 701 861 767 scilicet
875 699 1038 777 Pontifex,
1054 702 1142 782 caim
1155 707 1204 767 est
1218 702 1388 782 potcstatis
1398 703 1476 768 iura
1487 722 1520 768 a·

395 791 479 874 liqna
495 791 543 859 rel
558 791 593 855 in
609 790 706 856 laicos
722 792 906 865 transferre,
922 796 1053 874 excepta
1067 791 1257 856 amtontate
1267 789 1445 873 spirituali.
1456 795 1520 859 ite·

394 898 465 944 rum
476 879 758 945 ecclesiasticarum
769 879 1237 955 alienationesvelsaoationm3
1247 877 1311 942 tori
1321 879 1519 947 ecclesiasti-

394 969 425 1033 ci
441 969 560 1034 limites
575 975 608 1035 et
623 969 813 1035 iudiciorum
828 969 963 1044 formam
980 967 1206 1051 appellationes
1217 967 1398 1051 inproprie
1410 971 1518 1037 natio·

395 1077 447 1135 ne,
466 1062 502 1122 ut
517 1057 592 1124 Sedi
607 1058 811 1142 apostolicae
824 1057 938 1123 ultima
952 1062 1142 1122 reservetur.

483 1147 574 1214 vill.
592 1146 771 1212 Discrimcn
787 1147 873 1212 inter
887 1147 950 1210 dno
964 1143 1042 1210 haec
1060 1163 1177 1227 genera
1192 1144 1228 1208 in
1243 1163 1282 1210 eo
1297 1151 1359 1222 est,
1377 1147 1468 1232 qnod
1483 1148 1515 1214 in

394 1235 498 1317 primo
511 1237 613 1303 officia
627 1237 822 1318 principum,
833 1235 867 1299 in
884 1237 985 1300 altero
999 1235 1186 1317 pontificum
1204 1235 1368 1317 largitates
1384 1238 1515 1302 ordina-

394 1325 446 1390 rio
461 1326 698 1393 contineantur.
716 1325 751 1391 Si
763 1325 851 1390 enim
867 1323 1028 1406 principes
1038 1329 1125 1388 recta
1140 1324 1190 1398 ria
1203 1323 1420 1399 incessissent,
1434 1345 1515 1391 nun·

394 1417 545 1496 quamde
566 1415 673 1498 primo
696 1431 812 1496 genere
834 1411 1033 1479 concordata
1052 1413 1134 1477 inita
1154 1412 1298 1477 tuissent.
1316 1418 1362 1480 at
1376 1414 1513 1480 historia

393 1502 678 1582 concordatorum,
696 1503 831 1568 historia
846 1495 1002 1567 dolonrm!
1017 1501 1144 1566 Afflicta
1154 1501 1208 1564 nel
1219 1519 1327 1566 eversa
1338 1503 1512 1586 aliquando

394 1592 560 1675 religione,
574 1598 610 1658 ut
621 1610 638 1656 a
651 1593 762 1674 gallica
774 1591 904 1657 alterius
920 1590 1036 1654 saeculi
1051 1589 1225 1673 republica,
1238 1590 1403 1656 Ecclesiae
1414 1593 1513 1658 etiam

393 1682 571 1766 essentialia
588 1681 710 1765 publico
726 1681 852 1746 taedere
875 1679 1108 1752 sauciabantur,
1131 1684 1169 1743 ut
1181 1679 1345 1760 possibilia
1361 1699 1515 1746 sanaren-

394 1777 459 1846 tur,
473 1785 614 1854 novoque
626 1771 695 1834 iure
710 1768 940 1836 catholicorum
951 1768 1081 1833 libertas
1091 1769 1285 1832 firmaretur.
1291 1770 1349 1835 Est
1361 1771 1454 1835 euim
1466 1788 1516 1834 re-

303 1940 305 1944 ·
392 1858 520 1940 ligionis
536 1859 690 1935 conditio,
707 1859 792 1941 quod
808 1857 924 1923 saeculi
934 1857 1026 1922 huius
1036 1862 1176 1922 rectores
1190 1857 1296 1921 sedula
1312 1863 1425 1924 mente
1441 1878 1514 1941 pcr-

392 1949 544 2028 pcndant,
562 1954 597 2014 ut
617 1949 777 2013 sociabilis
791 1948 847 2021 sit,
865 1963 983 2028 suoque
997 1947 1097 2024 culta,
1115 1945 1292 2028 pastoribus
1310 1952 1408 2030 atque
1419 1949 1514 2013 insti·

391 2037 570 2101 talionibus
587 2036 685 2102 libere
699 2038 748 2102 uti
763 2038 874 2118 possit:
884 2035 988 2101 ablata
1003 2052 1077 2100 vero
1093 2039 1128 2099 ιιι
1143 2033 1364 2111 restituantur,
1380 2038 1513 2102 strictae

390 2124 533 2190 institiae
548 2126 684 2191 odicium
700 2131 761 2200 est,
776 2145 839 2190 non
855 2122 1000 2190 terrenae
1012 2122 1187 2188 maiestatis
1198 2123 1514 2192 beneficiumllabct

390 2213 499 2296 itaque
507 2214 815 2280 Ecclesiaedivinam
823 2212 964 2281 civitatis
975 2212 1093 2287 ius,vel
1104 2230 1167 2275 non
1177 2211 1362 2278 laedendum
1371 2231 1515 2297 unquam

392 2303 439 2367 rel
448 2303 657 2367 sarciendam.
669 2303 834 2367 Praeterea
844 2295 956 2365 nullibi
961 2299 1031 2366 eius
1038 2301 1181 2373 libertas,
1195 2300 1380 2384 principum
1391 2309 1517 2386 autpo-

392 2392 539 2472 palorum
552 2393 651 2457 officit
663 2390 817 2466 libertati,
827 2408 907 2475 quac
920 2385 1116 2462 naturalibus
1126 2389 1439 2472 divinisquelegibus
1451 2411 1515 2457 nou

391 2481 584 2546 adversetur:
602 2481 720 2546 nullam
735 2480 856 2562 respuit
871 2479 1037 2560 regiminis
1057 2479 1203 2553 formam,
1222 2481 1392 2561 peregrina
1408 2481 1445 2545 in
1455 2482 1515 2544 bac

391 2569 467 2645 rita,
478 2587 533 2634 sua
549 2570 696 2636 libertate
707 2574 869 2635 contenta.
880 2568 965 2648 Quid
976 2568 1031 2633 illa
1042 2567 1170 2650 petebat
1181 2586 1199 2632 a
1210 2569 1516 2634 cruentissimisim·

389 2659 623 2743 peratoribus‚a
640 2658 859 2725 cruentissima
870 2656 1047 2724 Galliarum
1063 2655 1306 2737 republica‚nisi
1318 2661 1355 2722 nt
1370 2659 1515 2723 divinam

390 2748 575 2813 missionem
589 2753 756 2831 perageret
770 2747 803 2811 in
820 2745 929 2820 terris,
946 2746 1030 2810 unde
1044 2749 1078 2809 et
1092 2745 1237 2810 homines
1252 2745 1474 2812 sociabiliores
1489 2749 1517 2811 i-

388 2853 505 2920 psaque
517 2837 650 2920 imperia
659 2838 828 2902 evaderent
839 2833 1187 2917 feliciorailllaterialia
1197 2835 1349 2917 possidet,
1358 2836 1436 2918 quia
1448 2837 1517 2901 eius

387 2927 527 2992 ministri
537 2925 633 2991 ettilii
643 2927 725 2992 cives
733 2930 818 3001 sunt,
828 2924 976 3008 civilique
984 2923 1052 2987 iure
1060 2923 1418 3004 potiuntur.Societates
1425 2928 1516 2991 clan-

386 3015 528 3080 destinae
543 3020 652 3096 gentes
672 3020 704 3080 ct
720 3013 853 3098 imperia
870 3016 1084 3078 commovent:
1099 3030 1180 3095 quae
1194 3013 1273 3077 adeo
1288 3013 1447 3096 insipiens
1463 3017 1513 3080 rel

386 3103 519 3170 barbara
531 3103 696 3169 hominum
711 3107 850 3187 potestas
864 3102 1010 3166 sodalitia
1026 3105 1122 3176 vetet,
1133 3119 1213 3185 quae
1224 3106 1381 3183 partama
1397 3104 1513 3186 seipsis

386 3194 587 3268 civilitatem,
607 3193 739 3274 perenni
756 3193 837 3258 vitae
852 3191 1008 3256 sacrificio
1022 3194 1252 3276 sustentantac
1263 3190 1397 3256 torcat?
1413 3193 1513 3258 Prin-

385 3282 477 3364 cipes
488 3281 588 3365 igitur
601 3283 676 3346 dnm
691 3281 865 3346 Ecclesiam
880 3284 1010 3346 tuentur
1024 3297 1043 3342 a
1057 3279 1126 3344 Deo
1137 3279 1332 3357 institutam,
1350 3282 1402 3346 vel
1416 3299 1511 3346 revo-

385 3377 459 3436 cant
475 3371 647 3455 expulsam,
671 3370 718 3435 vel
735 3385 919 3452 oppressam
934 3368 1093 3442 reficiunt,
1111 3367 1177 3432 sive
1194 3367 1343 3434 catholici
1358 3368 1427 3435 sint
1442 3371 1510 3436 sire

386 3461 567 3536 acatholici,
585 3460 692 3524 divina
708 3463 834 3524 servant
856 3458 937 3522 iura.
956 3455 991 3523 Si
1008 3456 1178 3520 laudandus
1192 3458 1348 3540 Napolco,
1367 3456 1510 3524 Concor-

384 3551 459 3613 dato
475 3551 550 3613 anni
569 3547 667 3623 1801,
685 3547 849 3614 catholicis
863 3546 1053 3612 catholicam
1068 3545 1239 3610 restituens
1250 3546 1439 3625 Ecclesiam,
1459 3549 1510 3612 ni-

383 3637 429 3701 hil
445 3643 551 3703 tannen
568 3637 801 3719 nequeGalliae
817 3653 917 3720 neque
924 3633 1074 3700 Pontifici
1089 3636 1128 3698 de
1139 3652 1196 3698 suo
1204 3635 1432 3718 elargiebatur,
1441 3638 1508 3708 nisi

383 3727 489 3791 addita
504 3745 522 3790 a
537 3728 653 3810 seipso,
664 3731 697 3792 et
712 3726 832 3792 reiecta
847 3724 887 3789 ab
901 3723 1055 3800 Ecclesia,
1068 3727 1188 3808 statuta
1203 3725 1355 3807 monnica
1368 3722 1508 3808 (articles

382 3814 591 3898 cocanicum).
1246 3840 1250 3843 ·

431 3949 436 3956 ι
483 3905 542 3968 lx.
559 3906 597 3969 ln
613 3905 712 3971 altero
727 3921 832 3969 rerum
849 3919 966 3985 genere
980 3901 1119 3967 diximus
1134 3899 1294 3967 contineri
1310 3903 1507 3969 Pontificum

381 3993 499 4076 gratias
514 3999 547 4058 et
557 3989 732 4075 largitates:
747 3991 1080 4076 eliquescilioet,quac
1092 4009 1192 4072 neque
1204 3991 1326 4056 ordinis
1339 4010 1443 4075 neque
1457 3994 1507 4058 iu-

380 4083 576 4149 risdictionis
592 4087 782 4164 potestatem
797 4081 974 4164 requirant,
995 4097 1053 4162 per
1068 4079 1229 4162 principes
1246 4081 1437 4156 exercenda,
1456 4083 1505 4147 rel

380 4174 539 4254 Ecclesiae
554 4171 658 4236 iorum
672 4176 704 4236 et
716 4170 916 4254 disciplinam
924 4168 1079 4234 limitibus
1091 4167 1396 4234 circumscribentia.
1407 4169 1443 4235 Si
1456 4188 1505 4234 as·

379 4269 557 4328 sentatores
564 4260 745 4344 principum
757 4261 876 4339 audias,
896 4258 945 4324 vel
955 4259 1061 4326 Status
1069 4258 1263 4334 adoratores,
1281 4257 1424 4324 Ecclesia
1434 4260 1505 4324 nul-

381 4353 411 4417 lo
427 4353 542 4433 gaudet
557 4352 627 4416 toro
644 4349 872 4432 externaque
888 4347 942 4411 illa
954 4346 1087 4430 spiritus
1098 4349 1332 4424 estzcontra,si
1341 4346 1504 4414 Ecclesiae

380 4446 540 4516 naturam,
550 4446 584 4507 et
598 4440 794 4504 saeculorum
805 4439 994 4504 documenta
1005 4435 1166 4518 inspicias,
1177 4436 1256 4518 quia
1264 4435 1429 4500 sociabilis
1440 4443 1501 4503 est.

379 4530 440 4599 Sed
452 4548 515 4596 non
531 4532 608 4596 adeo
621 4530 739 4597 limites
754 4527 818 4594 lori
833 4525 935 4616 civilis
951 4531 985 4594 et
999 4524 1205 4594 ecclesiastici
1217 4524 1354 4612 praecisi
1368 4531 1459 4604 sunt,
1469 4531 1503 4591 ut
