3222 5282
417 295 462 361 dd
863 311 997 362 crusni.

464 458 538 524 XV.
556 459 641 540 Ergo
659 460 708 524 les
723 457 859 522 humana
874 456 992 540 duplici
1014 460 1136 521 constet
1151 454 1321 522 elelnento:
1342 456 1371 521 1.
1392 459 1494 523 retio-

376 548 424 612 nis
440 548 654 622 ordinatione;
672 549 704 612 2.
723 547 908 630 imperantis
923 547 1095 611 voluntate.
1116 621 1120 629 ¹

407 675 409 680 -
464 637 554 702 xvi.
573 629 724 703 Attamen
740 637 822 701 ratio
837 651 918 717 quae
933 633 1058 712 homini
1078 632 1205 707 insidet,
1227 650 1289 714 qua
1306 633 1389 710 talis,
1408 634 1493 700 vdtra

376 724 573 791 individuum
592 726 643 790 cui
663 723 820 798 inhaeret,
842 724 1112 808 nullum-exercet
1134 721 1316 804 imperium.
1336 723 1492 790 Omnium

376 819 482 879 autem
499 813 638 879 rationes
653 829 749 896 quum
764 817 798 880 et
812 814 897 895 ipsae
912 813 977 878 sint
987 811 1177 894 personales,
1190 811 1331 892 itemque
1342 831 1494 893 persona-

378 901 421 966 les
436 903 501 969 siut
515 904 660 968 omniurn
672 903 860 978 voluntates,
875 901 997 966 nullum
1008 906 1175 966 externum
1193 905 1226 965 et
1236 901 1412 966 universale
1430 902 1494 966 im-
1605 961 1606 972 ,

376 991 499 1074 perium
514 987 719 1058 constituent.
737 991 840 1072 Igitur
854 995 891 1057 ut
910 990 988 1074 legis
1002 988 1187 1055 universalis
1209 994 1243 1054 et
1257 989 1408 1070 politicae
1424 991 1495 1056 exi-

377 1080 507 1156 stentia,
525 1081 570 1148 vis
585 1085 617 1146 et
632 1080 802 1162 imperium
815 1079 981 1156 habeatur,
998 1097 1120 1144 summu
1135 1077 1195 1143 llei
1211 1078 1293 1142 ratio
1305 1084 1353 1143 est
1363 1081 1495 1162 perqui-

378 1169 486 1244 renda,
504 1169 632 1252 eiusque
648 1168 803 1245 voluntas,
827 1169 972 1234 ordinem
987 1166 1150 1234 societatis
1172 1169 1351 1233 conservari
1366 1168 1492 1244 iubens,

376 1257 555 1342 perturbari
570 1262 690 1333 vetans:
708 1257 760 1322 cui
773 1257 894 1324 rationi
913 1263 947 1324 et
962 1255 1130 1332 voluntati,
1149 1255 1287 1321 hominis
1297 1257 1495 1338 imperantis

378 1347 506 1412 ratioet
521 1347 662 1413 voluntas
676 1346 929 1421 conformentur,
945 1351 981 1412 ut
995 1345 1156 1430 obligandi
1172 1345 1237 1410 vim
1249 1345 1419 1428 accipiant.
1432 1345 1496 1410 Le-

377 1451 430 1515 ges
447 1435 553 1517 itaque
568 1435 723 1500 humanae
740 1456 757 1497 v
774 1435 802 1500 si
817 1434 945 1517 quidem
967 1437 1069 1500 iustae
1092 1439 1178 1508 sunt,
1195 1434 1313 1499 habent
1332 1435 1398 1500 vim
1412 1435 1496 1501 obli-

377 1523 471 1604 gandi
485 1524 519 1588 in
536 1524 606 1591 ioro
620 1525 833 1591 conscientiae
847 1541 866 1589 a
882 1525 951 1607 lege
966 1530 1107 1598 aeterna,
1125 1541 1143 1587 a
1158 1541 1219 1605 qua
1236 1521 1431 1599 derivantur,
1444 1543 1497 1590 se-

377 1613 513 1682 cundum
528 1613 607 1678 illud
623 1614 867 1680 Proverbiurum
879 1631 950 1680 vrri:
964 1612 1028 1678 Per
1038 1631 1086 1676 mc
1098 1630 1183 1696 reges
1194 1620 1338 1694 runaut,
1352 1621 1381 1678 et
1391 1613 1497 1698 lupum

173 1710 196 1783 l)
207 1710 234 1766 s.
245 1707 354 1776 Thon,
376 1703 550 1770 conditores
565 1704 649 1768 iusto
664 1706 834 1770 decernunt
850 1701 892 1787 1).
917 1725 934 1766 n

131 1785 152 1858 Ι,
162 1785 197 1859 ¹¹2
208 1785 353 1858 padua.
467 1792 573 1858 XVll.
590 1793 656 1858 Hac
671 1793 806 1866 ratione,
821 1792 873 1856 lex
884 1796 917 1857 et
929 1791 1069 1864 libertas,
1084 1788 1301 1870 imperiumst
1313 1789 1496 1857 obedientia

378 1879 479 1945 amice
490 1881 723 1955 consociantur:
734 1880 982 1961 imperantium,
999 1879 1154 1960 simulque
1165 1879 1363 1943 subditorum
1376 1881 1494 1956 officia,

379 1968 444 2032 suis
458 1987 531 2032 vere
545 1965 891 2050 sedibus'reponuntnn
908 1985 1024 2049 suaque
1038 1967 1182 2032 societati
1195 1985 1231 2032 ac
1242 1967 1436 2054 humanitati
1446 1970 1498 2034 di·

377 2056 482 2136 gnitas
497 2057 642 2122 firmatur
656 2060 689 2121 et
704 2060 839 2121 constat.
856 2057 906 2122 Ex
921 2060 997 2122 tunc
1008 2057 1095 2120 enim
1111 2072 1175 2127 non
1191 2054 1332 2121 hominis
1349 2058 1497 2124 voluntas

378 2143 591 2210 inhominem
608 2144 809 2211 dominatur:
828 2145 892 2209 non
917 2144 1019 2227 pactis
1038 2145 1204 2210 hominum
1224 2144 1423 2222 subiicimur,
1441 2149 1498 2230 qui

379 2233 454 2299 licet
468 2233 502 2298 in
514 2253 612 2299 unmn
627 2232 766 2309 collecti,
784 2231 886 2298 adhuc
901 2233 1047 2298 homines
1062 2238 1148 2308 sunt:
1165 2233 1218 2298 sed
1230 2251 1339 2298 omues
1350 2235 1499 2302 continet

380 2322 462 2387 ratio
478 2341 518 2388 ex
535 2324 603 2388 Deo
619 2323 738 2405 genita,
757 2341 794 2387 ac
814 2323 881 2405 ipse
895 2325 992 2398 Deus,
1009 2325 1060 2386 cui
1076 2322 1203 2388 servire
1226 2322 1355 2388 libertas
1369 2329 1430 2390 est.
1448 2327 1498 2391 ihr

381 2415 456 2476 tunc
472 2412 554 2494 leges
570 2417 663 2494 atque
678 2403 814 2494 imperia
829 2429 918 2476 suam
929 2413 1071 2495 pandunt
1083 2411 1253 2492 originem,
1267 2412 1361 2476 decus
1372 2419 1408 2479 et
1417 2415 1496 2480 vim:

380 2517 461 2581 quae
476 2502 583 2566 omnia
599 2520 639 2566 ex
653 2501 722 2567 Deo
737 2501 990 2584 proficiscuntur,
1007 2519 1155 2583 supremo
1169 2499 1332 2567 societatis
1352 2503 1499 2569 condito-

380 2606 428 2664 rc,
451 2589 629 2671 legislatore
645 2594 679 2654 et
692 2591 914 2671 gubernatore.
929 2588 1072 2665 Scilicet,
1089 2589 1151 2653 hoc
1170 2607 1233 2653 uno
1248 2586 1417 2672 conceptu,
1436 2589 1501 2658 im-

380 2679 469 2757 peria
485 2697 502 2742 a
520 2679 679 2744 violentiis
694 2679 930 2755 abstrahuntur,
949 2683 1043 2761 atque
1058 2683 1204 2744 aeternae
1223 2679 1302 2760 legis
1317 2679 1501 2750 ministerio

380 2766 600 2833 nobilitantur.
619 2769 760 2850 illudque
771 2768 808 2833 iit
820 2768 1019 2852 qnodaiebat
1030 2765 1235 2849 Chrysippus:
1251 2767 1439 2834 «Omnium
1450 2771 1501 2836 di-

381 2854 525 2920 vinarum
540 2858 809 2939 humanarumque
825 2875 931 2921 rerum
947 2857 1056 2938 regina
1071 2860 1119 2943 cst
1135 2855 1197 2920 lex.
1217 2878 1235 2918 u

470 2945 592 3012 XVlll.
615 2947 706 3026 Quod
721 2964 792 3012 cum
804 2946 852 3021 ,ita
868 2945 911 3011 sit
926 2945 1108 3026 principum
1122 2949 1155 3011 et
1169 2946 1359 3026 populorum
1375 2953 1503 3014 mentes

381 3035 454 3100 sunt
474 3035 513 3099 ad
529 3043 689 3102 aeternam
705 3037 805 3116 legem
821 3035 1063 3100 convertendae:
1080 3038 1117 3100 ut
1131 3034 1180 3098 illi
1196 3051 1294 3116 aequa
1310 3035 1498 3118 decernant,

381 3121 535 3188 hiantem
551 3123 630 3208 quae
644 3125 767 3190 decreta
783 3124 859 3200 sint,
878 3124 991 3190 libenti
1005 3140 1042 3187 ac
1053 3122 1211 3188 reverenti
1222 3125 1329 3187 animo
1341 3141 1503 3207 exequan-

173 3209 200 3282 ²l
216 3209 272 3267 cic.
288 3254 297 3283 s
319 3214 362 3268 De
382 3214 445 3276 tur.
465 3232 483 3270 «
499 3212 630 3280 Serendi
644 3213 742 3279 etiam
757 3231 872 3289 mores,
892 3207 949 3278 nec
964 3210 1213 3296 scriptisomnia
1229 3212 1399 3280 sancienda
1416 3214 1462 3297 2).
1483 3239 1501 3278 u

135 3289 217 3359 Lep,
236 3286 257 3359 Ι,
274 3287 301 3342 6·
382 3298 453 3365 Sint
467 3301 536 3366 iura
547 3301 653 3368 civilia
664 3307 697 3368 et
711 3301 926 3385 particularia:
941 3319 998 3366 nec
1013 3301 1100 3364 eninr
1113 3299 1220 3364 omnia
1235 3305 1269 3365 ct
1283 3319 1342 3382 pro
1352 3304 1504 3369 omnibus

383 3387 551 3464 adiunctis,
569 3391 695 3456 ordinat
707 3392 758 3457 lex
770 3389 932 3457 naturalis.
946 3390 995 3458 Sit
1010 3389 1061 3454 lex
1075 3386 1225 3463 Falcidia,
1242 3388 1335 3465 Iulia,
1352 3392 1501 3472 Aquilia:

382 3475 447 3541 sint
461 3478 511 3542 ius
524 3479 731 3559 praetorium,
750 3480 798 3544 vcl
812 3479 1056 3548 constitutiones
1070 3476 1265 3559 principum.
1274 3476 1336 3543 Sed
1347 3478 1382 3542 in
1394 3482 1503 3546 omni-

382 3565 451 3640 bus,
469 3567 535 3630 Deo
551 3567 645 3648 digna
661 3568 743 3634 ierat
764 3568 917 3634 humanus
938 3568 1109 3651 legislator,
1132 3570 1168 3631 ut
1182 3565 1247 3630 illis
1265 3566 1373 3647 digne,
1400 3571 1502 3636 veluti

384 3653 463 3727 Deo,
480 3655 624 3720 homines
637 3657 856 3722 subiiciuntur.
874 3659 967 3742 Quod
982 3658 1050 3732 liet,
1066 3655 1094 3720 si
1108 3653 1187 3718 illud
1198 3654 1340 3720 divinum
1352 3657 1402 3721 ius
1413 3660 1503 3740 qnod

381 3740 416 3804 in
431 3742 602 3824 humanam
622 3746 809 3812 translatum
832 3755 880 3814 est
903 3751 1061 3820 naturam,
1078 3744 1201 3808 sincere
1213 3747 1311 3825 atqua
1324 3745 1454 3828 integre
1466 3749 1502 3812 in

381 3831 564 3901 societatem
576 3835 783 3901 transferatur
795 3834 848 3921 (a).
859 3837 942 3905 Nam
953 3834 1073 3916 vigebit
1084 3832 1271 3916 populorum
1283 3832 1414 3900 libertas
1425 3853 1501 3902 curn

459 4009 501 4084 iol
519 4011 579 4072 Non
599 4010 704 4084 legibus
718 4017 834 4086 nutum,
849 4012 898 4070 sod
916 4011 997 4070 dictis
1009 4009 1141 4082 famaque
1155 4005 1282 4080 publicis,
1297 4009 1372 4065 omni
1384 4018 1500 4083 arrepta

383 4087 535 4161 occasione,
547 4103 564 4144 a
574 4087 697 4144 civilibus
710 4088 785 4160 viris,
799 4103 816 4144 o
828 4086 1028 4162 legislatoribus
1041 4092 1069 4144 ct
1082 4083 1262 4157 sapientibus,
1273 4089 1391 4142 astures
1403 4086 1500 4146 ollicio

382 4162 590 4238 universamque
603 4163 733 4220 iustitiam
746 4163 774 4219 in
786 4171 882 4236 gentes
895 4177 957 4220 esso
969 4159 1197 4230 transterendam,
1210 4158 1300 4231 iisque
1310 4159 1498 4236 suadendam,

383 4250 447 4293 vere
460 4245 487 4296 et
500 4241 622 4312 graviter
635 4239 764 4310 praecipit
777 4241 881 4296 Cicero:
900 4260 912 4289 v
928 4239 1051 4309 Cumque
1066 4250 1096 4292 se
1109 4231 1259 4292 adcivilern
1274 4233 1434 4292 societatem
1445 4254 1499 4296 na·

383 4315 442 4368 tum
452 4315 578 4387 senserit,
594 4331 648 4372 non
658 4314 745 4371 solum
758 4309 803 4371 illo
816 4312 905 4388 subtili
919 4312 1100 4383 disputatione
1111 4309 1161 4372 sibi
1172 4307 1304 4367 utendum
1315 4309 1433 4381 putabit,
1446 4313 1499 4371 sed

384 4387 464 4445 etiarn
483 4387 542 4447 lusa
554 4390 635 4448 latius
654 4395 785 4462 perpetua
798 4390 935 4458 oratione:
950 4401 1003 4458 qua
1018 4392 1096 4460 regat
1110 4381 1235 4457 populos,
1251 4397 1305 4456 qua
1318 4384 1441 4444 stabiliat
1455 4389 1498 4445 le·

252 4500 255 4504 -
384 4464 780 4540 gcs,quacesligelimprobos,
789 4478 842 4537 qua
852 4461 1063 4534 tucaturhonos,
1072 4475 1126 4534 qua
1135 4457 1229 4517 laudet
1240 4461 1332 4517 claros
1344 4460 1428 4518 viros:
1441 4479 1500 4536 qua

385 4548 529 4614 praecepta
543 4542 634 4600 salutis
649 4547 676 4598 et
690 4537 785 4597 laudes
799 4543 861 4610 apto
881 4537 915 4596 ad
929 4535 1150 4609 persuadendum
1163 4533 1226 4594 edat
1239 4534 1297 4593 suis
1308 4535 1423 4602 civibus:
1441 4555 1498 4613 qna
