<?xml version="1.0" encoding="UTF-8"?>
<!DOCTYPE html PUBLIC "-//W3C//DTD XHTML 1.0 Transitional//EN"
    "http://www.w3.org/TR/xhtml1/DTD/xhtml1-transitional.dtd">
<html xmlns="http://www.w3.org/1999/xhtml" xml:lang="en" lang="en">
 <head>
  <title>
</title>
<meta http-equiv="Content-Type" content="text/html;charset=utf-8" />
  <meta name='ocr-system' content='tesseract 3.04.00' />
  <meta name='ocr-capabilities' content='ocr_page ocr_carea ocr_par ocr_line ocrx_word'/>
</head>
<body>
  <div class='ocr_page' id='page_1' title='image "./iurisnaturaeetg01audigoog_0029.png"; bbox 0 0 3168 5282; ppageno 0'>
   <div class='ocr_carea' id='block_1_1' title="bbox 432 303 1007 410">
    <p class='ocr_par' dir='ltr' id='par_1_1' title="bbox 432 303 1007 410">
     <span class='ocr_line' id='line_1_1' title="bbox 432 303 1007 410; baseline 0.01 -12"><span class='ocrx_word' id='word_1_1' title='bbox 432 333 454 398; x_wconf 89' lang='lat'>8</span> <span class='ocrx_word' id='word_1_2' title='bbox 873 303 1007 410; x_wconf 72' lang='lat' dir='ltr'><strong>curan.</strong></span> 
     </span>
    </p>
   </div>
   <div class='ocr_carea' id='block_1_2' title="bbox 388 494 1579 849">
    <p class='ocr_par' dir='ltr' id='par_1_2' title="bbox 388 494 1579 849">
     <span class='ocr_line' id='line_1_2' title="bbox 388 494 1514 585; baseline -0.002 -24"><span class='ocrx_word' id='word_1_3' title='bbox 388 497 514 562; x_wconf 88' lang='lat' dir='ltr'><strong>bantur.</strong></span> <span class='ocrx_word' id='word_1_4' title='bbox 540 496 581 562; x_wconf 85' lang='lat' dir='ltr'><strong>Et</strong></span> <span class='ocrx_word' id='word_1_5' title='bbox 596 513 682 574; x_wconf 88' lang='lat' dir='ltr'><strong>sane,</strong></span> <span class='ocrx_word' id='word_1_6' title='bbox 709 497 789 562; x_wconf 93' lang='lat' dir='ltr'><strong>nihil</strong></span> <span class='ocrx_word' id='word_1_7' title='bbox 804 499 838 564; x_wconf 91' lang='lat' dir='ltr'><strong>ln</strong></span> <span class='ocrx_word' id='word_1_8' title='bbox 853 502 1007 578; x_wconf 81' lang='lat' dir='ltr'>sensibus,</span> <span class='ocrx_word' id='word_1_9' title='bbox 1031 503 1158 585; x_wconf 90' lang='lat' dir='ltr'><strong>praeter</strong></span> <span class='ocrx_word' id='word_1_10' title='bbox 1172 497 1250 563; x_wconf 85' lang='lat' dir='ltr'><strong>baec</strong></span> <span class='ocrx_word' id='word_1_11' title='bbox 1265 495 1330 563; x_wconf 86' lang='lat' dir='ltr'><strong>tria</strong></span> <span class='ocrx_word' id='word_1_12' title='bbox 1347 494 1514 578; x_wconf 87' lang='lat' dir='ltr'><strong>dispicies.</strong></span> 
     </span>
     <span class='ocr_line' id='line_1_3' title="bbox 390 584 1579 669; baseline -0.001 -20"><span class='ocrx_word' id='word_1_13' title='bbox 390 584 518 649; x_wconf 78' lang='lat' dir='ltr'><strong>Eminet</strong></span> <span class='ocrx_word' id='word_1_14' title='bbox 534 585 688 666; x_wconf 67' lang='lat' dir='ltr'><strong>octuplam</strong></span> <span class='ocrx_word' id='word_1_15' title='bbox 712 588 871 654; x_wconf 91' lang='lat' dir='ltr'><strong>obstacula</strong></span> <span class='ocrx_word' id='word_1_16' title='bbox 886 595 1029 657; x_wconf 81' lang='lat' dir='ltr'><strong>removet</strong></span> <span class='ocrx_word' id='word_1_17' title='bbox 1044 588 1093 655; x_wconf 85' lang='lat' dir='ltr'><strong>vel</strong></span> <span class='ocrx_word' id='word_1_18' title='bbox 1108 586 1231 669; x_wconf 81' lang='lat' dir='ltr'><strong>trangit</strong></span> <span class='ocrx_word' id='word_1_19' title='bbox 1252 587 1313 660; x_wconf 68' lang='lat' dir='ltr'><strong>otu</strong></span> <span class='ocrx_word' id='word_1_20' title='bbox 1339 584 1517 651; x_wconf 78' lang='lat' dir='ltr'><strong>materiam</strong></span> <span class='ocrx_word' id='word_1_21' title='bbox 1578 609 1579 616; x_wconf 45' lang='lat'>¹</span> 
     </span>
     <span class='ocr_line' id='line_1_4' title="bbox 390 672 1517 762; baseline 0.002 -28"><span class='ocrx_word' id='word_1_22' title='bbox 390 677 480 754; x_wconf 89' lang='lat' dir='ltr'><strong>parat</strong></span> <span class='ocrx_word' id='word_1_23' title='bbox 494 672 624 739; x_wconf 81' lang='lat' dir='ltr'><strong>utilitas.</strong></span> <span class='ocrx_word' id='word_1_24' title='bbox 641 676 726 741; x_wconf 90' lang='lat' dir='ltr'><strong>llaec</strong></span> <span class='ocrx_word' id='word_1_25' title='bbox 740 677 957 744; x_wconf 89' lang='lat' dir='ltr'><strong>materiallstis</strong></span> <span class='ocrx_word' id='word_1_26' title='bbox 971 697 1030 762; x_wconf 89' lang='lat' dir='ltr'><strong>pro</strong></span> <span class='ocrx_word' id='word_1_27' title='bbox 1045 677 1116 741; x_wconf 89' lang='lat' dir='ltr'><strong>inre</strong></span> <span class='ocrx_word' id='word_1_28' title='bbox 1129 679 1217 750; x_wconf 91' lang='lat' dir='ltr'><strong>suut,</strong></span> <span class='ocrx_word' id='word_1_29' title='bbox 1240 675 1289 740; x_wconf 84' lang='lat' dir='ltr'><strong>vel</strong></span> <span class='ocrx_word' id='word_1_30' title='bbox 1305 674 1381 738; x_wconf 91' lang='lat' dir='ltr'><strong>iura</strong></span> <span class='ocrx_word' id='word_1_31' title='bbox 1395 673 1517 739; x_wconf 89' lang='lat' dir='ltr'><strong>consti-</strong></span> 
     </span>
     <span class='ocr_line' id='line_1_5' title="bbox 391 763 1368 849; baseline 0.001 -24"><span class='ocrx_word' id='word_1_32' title='bbox 391 763 499 833; x_wconf 83' lang='lat' dir='ltr'><strong>tuunt;</strong></span> <span class='ocrx_word' id='word_1_33' title='bbox 515 777 593 841; x_wconf 90' lang='lat' dir='ltr'><strong>quae</strong></span> <span class='ocrx_word' id='word_1_34' title='bbox 607 765 671 828; x_wconf 90' lang='lat' dir='ltr'><strong>sola</strong></span> <span class='ocrx_word' id='word_1_35' title='bbox 686 765 870 848; x_wconf 83' lang='lat' dir='ltr'>quandoque</span> <span class='ocrx_word' id='word_1_36' title='bbox 885 766 1026 833; x_wconf 87' lang='lat' dir='ltr'><strong>utilitate</strong></span> <span class='ocrx_word' id='word_1_37' title='bbox 1042 763 1368 849; x_wconf 85' lang='lat' dir='ltr'><strong>comprehenduntur:</strong></span> 
     </span>
    </p>
   </div>
   <div class='ocr_carea' id='block_1_3' title="bbox 151 931 1579 4656">
    <p class='ocr_par' dir='ltr' id='par_1_3' title="bbox 151 931 1522 1522">
     <span class='ocr_line' id='line_1_6' title="bbox 151 931 1324 1072; baseline -0.009 -72"><span class='ocrx_word' id='word_1_38' title='bbox 151 943 287 1072; x_wconf 54' lang='lat' dir='ltr'><strong>litabor„</strong></span> <span class='ocrx_word' id='word_1_39' title='bbox 297 945 373 1014; x_wconf 83' lang='lat' dir='ltr'><strong>Sat,</strong></span> <span class='ocrx_word' id='word_1_40' title='bbox 581 939 667 1010; x_wconf 82' lang='lat' dir='ltr'><strong>atque</strong></span> <span class='ocrx_word' id='word_1_41' title='bbox 680 935 737 1007; x_wconf 84' lang='lat' dir='ltr'><strong>ipsa</strong></span> <span class='ocrx_word' id='word_1_42' title='bbox 750 935 859 1011; x_wconf 86' lang='lat' dir='ltr'><strong>utilius,</strong></span> <span class='ocrx_word' id='word_1_43' title='bbox 875 931 938 997; x_wconf 86' lang='lat' dir='ltr'><strong>iusti</strong></span> <span class='ocrx_word' id='word_1_44' title='bbox 950 949 1036 1010; x_wconf 84' lang='lat' dir='ltr'><strong>prope</strong></span> <span class='ocrx_word' id='word_1_45' title='bbox 1049 944 1139 994; x_wconf 85' lang='lat' dir='ltr'><strong>mater</strong></span> <span class='ocrx_word' id='word_1_46' title='bbox 1150 941 1181 995; x_wconf 89' lang='lat' dir='ltr'><strong>et</strong></span> <span class='ocrx_word' id='word_1_47' title='bbox 1193 936 1271 1010; x_wconf 83' lang='lat' dir='ltr'><strong>aequi</strong></span> <span class='ocrx_word' id='word_1_48' title='bbox 1288 934 1324 1007; x_wconf 80' lang='lat'><strong>1).</strong></span> 
     </span>
     <span class='ocr_line' id='line_1_7' title="bbox 395 1099 1520 1188; baseline -0.002 -18"><span class='ocrx_word' id='word_1_49' title='bbox 395 1103 568 1172; x_wconf 86' lang='lat' dir='ltr'><strong>Carneades</strong></span> <span class='ocrx_word' id='word_1_50' title='bbox 585 1118 670 1175; x_wconf 87' lang='lat' dir='ltr'><strong>vero,</strong></span> <span class='ocrx_word' id='word_1_51' title='bbox 682 1099 860 1184; x_wconf 75' lang='lat' dir='ltr'><strong>systematis</strong></span> <span class='ocrx_word' id='word_1_52' title='bbox 871 1100 1068 1167; x_wconf 91' lang='lat' dir='ltr'><strong>consectaria</strong></span> <span class='ocrx_word' id='word_1_53' title='bbox 1079 1101 1240 1176; x_wconf 85' lang='lat' dir='ltr'><strong>evolvens,</strong></span> <span class='ocrx_word' id='word_1_54' title='bbox 1254 1100 1419 1168; x_wconf 89' lang='lat' dir='ltr'><strong>iustitiam</strong></span> <span class='ocrx_word' id='word_1_55' title='bbox 1432 1105 1520 1188; x_wconf 89' lang='lat' dir='ltr'><strong>sequi</strong></span> 
     </span>
     <span class='ocr_line' id='line_1_8' title="bbox 395 1188 1519 1274; baseline 0 -16"><span class='ocrx_word' id='word_1_56' title='bbox 395 1208 550 1259; x_wconf 91' lang='lat' dir='ltr'><strong>summam</strong></span> <span class='ocrx_word' id='word_1_57' title='bbox 573 1189 749 1254; x_wconf 90' lang='lat' dir='ltr'><strong>allirmabat</strong></span> <span class='ocrx_word' id='word_1_58' title='bbox 766 1188 949 1256; x_wconf 75' lang='lat' dir='ltr'><strong>stultitiam.</strong></span> <span class='ocrx_word' id='word_1_59' title='bbox 967 1190 1112 1257; x_wconf 86' lang='lat' dir='ltr'><strong>insanire</strong></span> <span class='ocrx_word' id='word_1_60' title='bbox 1132 1192 1303 1272; x_wconf 89' lang='lat' dir='ltr'><strong>propterea</strong></span> <span class='ocrx_word' id='word_1_61' title='bbox 1322 1191 1519 1274; x_wconf 87' lang='lat' dir='ltr'><strong>sapientem,</strong></span> 
     </span>
     <span class='ocr_line' id='line_1_9' title="bbox 397 1275 1522 1365; baseline 0.003 -20"><span class='ocrx_word' id='word_1_62' title='bbox 397 1281 453 1365; x_wconf 91' lang='lat' dir='ltr'><strong>qui</strong></span> <span class='ocrx_word' id='word_1_63' title='bbox 472 1276 636 1358; x_wconf 90' lang='lat' dir='ltr'><strong>naulragio</strong></span> <span class='ocrx_word' id='word_1_64' title='bbox 656 1277 704 1341; x_wconf 85' lang='lat' dir='ltr'><strong>vel</strong></span> <span class='ocrx_word' id='word_1_65' title='bbox 719 1276 802 1342; x_wconf 90' lang='lat' dir='ltr'><strong>bello</strong></span> <span class='ocrx_word' id='word_1_66' title='bbox 817 1275 997 1359; x_wconf 87' lang='lat' dir='ltr'><strong>ingnrente,</strong></span> <span class='ocrx_word' id='word_1_67' title='bbox 1016 1278 1135 1345; x_wconf 91' lang='lat' dir='ltr'><strong>viribus</strong></span> <span class='ocrx_word' id='word_1_68' title='bbox 1153 1277 1400 1344; x_wconf 79' lang='lat' dir='ltr'><strong>imbecilliorem</strong></span> <span class='ocrx_word' id='word_1_69' title='bbox 1417 1299 1463 1347; x_wconf 86' lang='lat' dir='ltr'><strong>ex</strong></span> <span class='ocrx_word' id='word_1_70' title='bbox 1478 1289 1522 1347; x_wconf 81' lang='lat' dir='ltr'><strong>ta</strong></span> 
     </span>
     <span class='ocr_line' id='line_1_10' title="bbox 397 1365 1522 1521; baseline 0 -87"><span class='ocrx_word' id='word_1_71' title='bbox 397 1368 468 1472; x_wconf 80' lang='lat' dir='ltr'><strong>bula</strong></span> <span class='ocrx_word' id='word_1_72' title='bbox 479 1367 528 1521; x_wconf 67' lang='lat' dir='ltr'><strong>rtnel</strong></span> <span class='ocrx_word' id='word_1_73' title='bbox 539 1384 579 1432; x_wconf 85' lang='lat' dir='ltr'><strong>ex</strong></span> <span class='ocrx_word' id='word_1_74' title='bbox 590 1383 669 1448; x_wconf 90' lang='lat' dir='ltr'><strong>equo</strong></span> <span class='ocrx_word' id='word_1_75' title='bbox 681 1383 745 1432; x_wconf 91' lang='lat' dir='ltr'><strong>uon</strong></span> <span class='ocrx_word' id='word_1_76' title='bbox 755 1365 903 1450; x_wconf 90' lang='lat' dir='ltr'><strong>depellat,</strong></span> <span class='ocrx_word' id='word_1_77' title='bbox 916 1370 953 1432; x_wconf 91' lang='lat' dir='ltr'><strong>ut</strong></span> <span class='ocrx_word' id='word_1_78' title='bbox 963 1385 997 1432; x_wconf 91' lang='lat' dir='ltr'><strong>se</strong></span> <span class='ocrx_word' id='word_1_79' title='bbox 1008 1368 1048 1432; x_wconf 93' lang='lat' dir='ltr'><strong>ab</strong></span> <span class='ocrx_word' id='word_1_80' title='bbox 1058 1366 1151 1434; x_wconf 88' lang='lat' dir='ltr'><strong>undis</strong></span> <span class='ocrx_word' id='word_1_81' title='bbox 1162 1365 1211 1433; x_wconf 85' lang='lat' dir='ltr'><strong>vel</strong></span> <span class='ocrx_word' id='word_1_82' title='bbox 1222 1366 1263 1431; x_wconf 91' lang='lat' dir='ltr'><strong>ab</strong></span> <span class='ocrx_word' id='word_1_83' title='bbox 1272 1366 1422 1434; x_wconf 89' lang='lat' dir='ltr'><strong>hostibus</strong></span> <span class='ocrx_word' id='word_1_84' title='bbox 1431 1387 1522 1451; x_wconf 82' lang='lat' dir='ltr'><strong>prae</strong></span> 
     </span>
     <span class='ocr_line' id='line_1_11' title="bbox 400 1475 508 1522; baseline 0 0"><span class='ocrx_word' id='word_1_85' title='bbox 400 1476 429 1522; x_wconf 91' lang='lat' dir='ltr'><strong>rr</strong></span> <span class='ocrx_word' id='word_1_86' title='bbox 450 1475 481 1522; x_wconf 90' lang='lat' dir='ltr'><strong>ra</strong></span> <span class='ocrx_word' id='word_1_87' title='bbox 500 1503 508 1522; x_wconf 89' lang='lat'><em>.</em></span> 
     </span>
    </p>

    <p class='ocr_par' dir='ltr' id='par_1_4' title="bbox 399 1478 1525 2262">
     <span class='ocr_line' id='line_1_12' title="bbox 430 1478 1523 1626; baseline 0.001 -16"><span class='ocrx_word' id='word_1_88' title='bbox 430 1478 449 1541; x_wconf 73' lang='lat' dir='ltr'>p</span> <span class='ocrx_word' id='word_1_89' title='bbox 487 1546 547 1610; x_wconf 90' lang='lat' dir='ltr'><strong>lll.</strong></span> <span class='ocrx_word' id='word_1_90' title='bbox 565 1541 700 1624; x_wconf 78' lang='lat' dir='ltr'><strong>Egregia</strong></span> <span class='ocrx_word' id='word_1_91' title='bbox 716 1539 805 1608; x_wconf 88' lang='lat' dir='ltr'><strong>haecl</strong></span> <span class='ocrx_word' id='word_1_92' title='bbox 822 1541 857 1609; x_wconf 88' lang='lat' dir='ltr'><strong>Si</strong></span> <span class='ocrx_word' id='word_1_93' title='bbox 871 1542 958 1608; x_wconf 90' lang='lat' dir='ltr'><strong>enirn</strong></span> <span class='ocrx_word' id='word_1_94' title='bbox 973 1562 1012 1610; x_wconf 87' lang='lat' dir='ltr'><strong>ex</strong></span> <span class='ocrx_word' id='word_1_95' title='bbox 1022 1559 1175 1626; x_wconf 90' lang='lat' dir='ltr'><strong>corporea</strong></span> <span class='ocrx_word' id='word_1_96' title='bbox 1186 1543 1219 1607; x_wconf 79' lang='lat' dir='ltr'><strong>ci</strong></span> <span class='ocrx_word' id='word_1_97' title='bbox 1230 1549 1263 1610; x_wconf 91' lang='lat' dir='ltr'><strong>et</strong></span> <span class='ocrx_word' id='word_1_98' title='bbox 1275 1543 1414 1612; x_wconf 80' lang='lat' dir='ltr'><strong>utilitate</strong></span> <span class='ocrx_word' id='word_1_99' title='bbox 1428 1546 1482 1612; x_wconf 88' lang='lat' dir='ltr'><strong>ius</strong></span> <span class='ocrx_word' id='word_1_100' title='bbox 1493 1564 1523 1611; x_wconf 89' lang='lat' dir='ltr'><strong>e-</strong></span> 
     </span>
     <span class='ocr_line' id='line_1_13' title="bbox 399 1631 1523 1709; baseline 0.001 -10"><span class='ocrx_word' id='word_1_101' title='bbox 399 1634 498 1709; x_wconf 82' lang='lat' dir='ltr'><strong>licias,</strong></span> <span class='ocrx_word' id='word_1_102' title='bbox 515 1650 580 1697; x_wconf 92' lang='lat' dir='ltr'><strong>non</strong></span> <span class='ocrx_word' id='word_1_103' title='bbox 595 1631 760 1696; x_wconf 92' lang='lat' dir='ltr'><strong>hominum</strong></span> <span class='ocrx_word' id='word_1_104' title='bbox 774 1631 972 1709; x_wconf 87' lang='lat' dir='ltr'><strong>societatem,</strong></span> <span class='ocrx_word' id='word_1_105' title='bbox 989 1633 1044 1697; x_wconf 89' lang='lat' dir='ltr'><strong>sed</strong></span> <span class='ocrx_word' id='word_1_106' title='bbox 1060 1632 1234 1697; x_wconf 77' lang='lat' dir='ltr'><strong>belluarum</strong></span> <span class='ocrx_word' id='word_1_107' title='bbox 1248 1633 1432 1698; x_wconf 90' lang='lat' dir='ltr'><strong>certamina</strong></span> <span class='ocrx_word' id='word_1_108' title='bbox 1447 1653 1523 1700; x_wconf 89' lang='lat' dir='ltr'><strong>cou-</strong></span> 
     </span>
     <span class='ocr_line' id='line_1_14' title="bbox 399 1720 1522 1804; baseline -0.001 -17"><span class='ocrx_word' id='word_1_109' title='bbox 399 1723 524 1788; x_wconf 90' lang='lat' dir='ltr'><strong>stitues.</strong></span> <span class='ocrx_word' id='word_1_110' title='bbox 542 1720 634 1800; x_wconf 86' lang='lat' dir='ltr'><strong>Quod</strong></span> <span class='ocrx_word' id='word_1_111' title='bbox 648 1721 675 1784; x_wconf 93' lang='lat' dir='ltr'><strong>si</strong></span> <span class='ocrx_word' id='word_1_112' title='bbox 691 1736 877 1801; x_wconf 89' lang='lat' dir='ltr'><strong>corpoream</strong></span> <span class='ocrx_word' id='word_1_113' title='bbox 898 1721 1090 1802; x_wconf 78' lang='lat' dir='ltr'><strong>voluptatem</strong></span> <span class='ocrx_word' id='word_1_114' title='bbox 1113 1738 1171 1803; x_wconf 93' lang='lat' dir='ltr'><strong>pro</strong></span> <span class='ocrx_word' id='word_1_115' title='bbox 1188 1721 1258 1786; x_wconf 88' lang='lat' dir='ltr'><strong>iure</strong></span> <span class='ocrx_word' id='word_1_116' title='bbox 1273 1721 1442 1804; x_wconf 91' lang='lat' dir='ltr'><strong>inspicias,</strong></span> <span class='ocrx_word' id='word_1_117' title='bbox 1463 1742 1522 1789; x_wconf 94' lang='lat' dir='ltr'><strong>non</strong></span> 
     </span>
     <span class='ocr_line' id='line_1_15' title="bbox 400 1808 1524 1892; baseline 0.001 -17"><span class='ocrx_word' id='word_1_118' title='bbox 400 1809 604 1875; x_wconf 88' lang='lat' dir='ltr'><strong>rationalium</strong></span> <span class='ocrx_word' id='word_1_119' title='bbox 618 1813 832 1872; x_wconf 89' lang='lat' dir='ltr'><strong>creaturamm</strong></span> <span class='ocrx_word' id='word_1_120' title='bbox 847 1809 1039 1885; x_wconf 81' lang='lat' dir='ltr'><strong>convictum,</strong></span> <span class='ocrx_word' id='word_1_121' title='bbox 1057 1809 1113 1874; x_wconf 89' lang='lat' dir='ltr'><strong>scd</strong></span> <span class='ocrx_word' id='word_1_122' title='bbox 1128 1808 1291 1874; x_wconf 91' lang='lat' dir='ltr'><strong>sordidum</strong></span> <span class='ocrx_word' id='word_1_123' title='bbox 1305 1826 1443 1892; x_wconf 90' lang='lat' dir='ltr'><strong>gregem</strong></span> <span class='ocrx_word' id='word_1_124' title='bbox 1460 1813 1524 1876; x_wconf 90' lang='lat' dir='ltr'><strong>elli·</strong></span> 
     </span>
     <span class='ocr_line' id='line_1_16' title="bbox 401 1894 1524 1977; baseline 0.002 -16"><span class='ocrx_word' id='word_1_125' title='bbox 401 1897 592 1977; x_wconf 69' lang='lat' dir='ltr'><strong>ciesbrgo,</strong></span> <span class='ocrx_word' id='word_1_126' title='bbox 609 1895 636 1957; x_wconf 93' lang='lat' dir='ltr'><strong>si</strong></span> <span class='ocrx_word' id='word_1_127' title='bbox 651 1912 690 1958; x_wconf 85' lang='lat' dir='ltr'><strong>ex</strong></span> <span class='ocrx_word' id='word_1_128' title='bbox 701 1894 733 1960; x_wconf 87' lang='lat' dir='ltr'><strong>vi</strong></span> <span class='ocrx_word' id='word_1_129' title='bbox 748 1896 810 1971; x_wconf 89' lang='lat' dir='ltr'><strong>ius,</strong></span> <span class='ocrx_word' id='word_1_130' title='bbox 824 1896 985 1961; x_wconf 91' lang='lat' dir='ltr'><strong>leoninam</strong></span> <span class='ocrx_word' id='word_1_131' title='bbox 996 1897 1091 1962; x_wconf 92' lang='lat' dir='ltr'><strong>habes</strong></span> <span class='ocrx_word' id='word_1_132' title='bbox 1106 1898 1305 1973; x_wconf 81' lang='lat' dir='ltr'><strong>societatem3</strong></span> <span class='ocrx_word' id='word_1_133' title='bbox 1326 1899 1354 1962; x_wconf 93' lang='lat' dir='ltr'><strong>si</strong></span> <span class='ocrx_word' id='word_1_134' title='bbox 1374 1916 1417 1965; x_wconf 86' lang='lat' dir='ltr'><strong>ex</strong></span> <span class='ocrx_word' id='word_1_135' title='bbox 1436 1902 1524 1967; x_wconf 88' lang='lat' dir='ltr'><strong>volu-</strong></span> 
     </span>
     <span class='ocr_line' id='line_1_17' title="bbox 404 1981 1525 2068; baseline 0.003 -19"><span class='ocrx_word' id='word_1_136' title='bbox 404 1989 504 2066; x_wconf 91' lang='lat' dir='ltr'><strong>ptate,</strong></span> <span class='ocrx_word' id='word_1_137' title='bbox 512 1982 690 2056; x_wconf 83' lang='lat' dir='ltr'><strong>netandam3</strong></span> <span class='ocrx_word' id='word_1_138' title='bbox 700 1981 727 2045; x_wconf 89' lang='lat' dir='ltr'><strong>si</strong></span> <span class='ocrx_word' id='word_1_139' title='bbox 736 1983 935 2059; x_wconf 83' lang='lat' dir='ltr'><strong>erutilitate,</strong></span> <span class='ocrx_word' id='word_1_140' title='bbox 944 1986 1157 2052; x_wconf 82' lang='lat' dir='ltr'><strong>truculentam</strong></span> <span class='ocrx_word' id='word_1_141' title='bbox 1169 1985 1218 2052; x_wconf 88' lang='lat' dir='ltr'><strong>vel</strong></span> <span class='ocrx_word' id='word_1_142' title='bbox 1225 1986 1456 2068; x_wconf 81' lang='lat' dir='ltr'><strong>foedifragam:</strong></span> <span class='ocrx_word' id='word_1_143' title='bbox 1468 1988 1525 2053; x_wconf 79' lang='lat' dir='ltr'><strong>hu</strong></span> 
     </span>
     <span class='ocr_line' id='line_1_18' title="bbox 404 2069 1524 2144; baseline 0.006 -8"><span class='ocrx_word' id='word_1_144' title='bbox 404 2088 530 2137; x_wconf 89' lang='lat' dir='ltr'><strong>manem</strong></span> <span class='ocrx_word' id='word_1_145' title='bbox 546 2069 659 2134; x_wconf 91' lang='lat' dir='ltr'><strong>nullibi</strong></span> <span class='ocrx_word' id='word_1_146' title='bbox 674 2073 820 2136; x_wconf 91' lang='lat' dir='ltr'><strong>naturam</strong></span> <span class='ocrx_word' id='word_1_147' title='bbox 842 2071 893 2136; x_wconf 80' lang='lat' dir='ltr'><strong>vel</strong></span> <span class='ocrx_word' id='word_1_148' title='bbox 907 2072 1104 2141; x_wconf 85' lang='lat' dir='ltr'><strong>societatem.</strong></span> <span class='ocrx_word' id='word_1_149' title='bbox 1125 2077 1175 2144; x_wconf 88' lang='lat' dir='ltr'><strong>Ne</strong></span> <span class='ocrx_word' id='word_1_150' title='bbox 1190 2079 1299 2139; x_wconf 91' lang='lat' dir='ltr'><strong>tamen</strong></span> <span class='ocrx_word' id='word_1_151' title='bbox 1316 2093 1524 2142; x_wconf 90' lang='lat' dir='ltr'><strong>communem</strong></span> 
     </span>
     <span class='ocr_line' id='line_1_19' title="bbox 405 2158 1521 2262; baseline 0.007 -38"><span class='ocrx_word' id='word_1_152' title='bbox 405 2165 535 2226; x_wconf 88' lang='lat' dir='ltr'><strong>naturae</strong></span> <span class='ocrx_word' id='word_1_153' title='bbox 549 2176 673 2260; x_wconf 83' lang='lat' dir='ltr'><strong>sensum</strong></span> <span class='ocrx_word' id='word_1_154' title='bbox 689 2158 784 2262; x_wconf 79' lang='lat' dir='ltr'><strong>nimis</strong></span> <span class='ocrx_word' id='word_1_155' title='bbox 801 2165 909 2242; x_wconf 87' lang='lat' dir='ltr'><strong>aperte</strong></span> <span class='ocrx_word' id='word_1_156' title='bbox 931 2161 1106 2228; x_wconf 81' lang='lat' dir='ltr'><strong>offenderet</strong></span> <span class='ocrx_word' id='word_1_157' title='bbox 1127 2162 1295 2244; x_wconf 83' lang='lat' dir='ltr'><strong>Epicurus,</strong></span> <span class='ocrx_word' id='word_1_158' title='bbox 1312 2165 1521 2246; x_wconf 89' lang='lat' dir='ltr'><strong>sapientiam,</strong></span> 
     </span>
    </p>

    <p class='ocr_par' dir='ltr' id='par_1_5' title="bbox 203 2248 1525 2424">
     <span class='ocr_line' id='line_1_20' title="bbox 203 2248 1525 2424; baseline 0.001 -20"><span class='ocrx_word' id='word_1_159' title='bbox 203 2347 230 2418; x_wconf 70' lang='lat'><strong>2,</strong></span> <span class='ocrx_word' id='word_1_160' title='bbox 251 2345 328 2416; x_wconf 71' lang='lat' dir='ltr'><strong>m,</strong></span> <span class='ocrx_word' id='word_1_161' title='bbox 348 2342 385 2402; x_wconf 70' lang='lat' dir='ltr'><strong>n</strong></span> <span class='ocrx_word' id='word_1_162' title='bbox 406 2248 1525 2424; x_wconf 63' lang='lat' dir='ltr'><strong>ltlitlltlllllll“atillfflttttltllltlltlletl</strong></span> 
     </span>
    </p>

    <p class='ocr_par' dir='ltr' id='par_1_6' title="bbox 164 2421 1525 2527">
     <span class='ocr_line' id='line_1_21' title="bbox 164 2421 1525 2527; baseline 0.004 -35"><span class='ocrx_word' id='word_1_163' title='bbox 164 2422 259 2480; x_wconf 78' lang='lat' dir='ltr'><strong>Ftntb.</strong></span> <span class='ocrx_word' id='word_1_164' title='bbox 276 2421 298 2492; x_wconf 76' lang='lat'><strong>¹7</strong></span> <span class='ocrx_word' id='word_1_165' title='bbox 318 2423 360 2480; x_wconf 77' lang='lat'><strong>¹³·</strong></span> <span class='ocrx_word' id='word_1_166' title='bbox 408 2427 540 2494; x_wconf 88' lang='lat' dir='ltr'><strong>Pulchre</strong></span> <span class='ocrx_word' id='word_1_167' title='bbox 555 2424 681 2508; x_wconf 92' lang='lat' dir='ltr'><strong>quidem</strong></span> <span class='ocrx_word' id='word_1_168' title='bbox 696 2424 809 2527; x_wconf 77' lang='lat' dir='ltr'><strong>uerbis,</strong></span> <span class='ocrx_word' id='word_1_169' title='bbox 826 2443 862 2490; x_wconf 91' lang='lat' dir='ltr'><strong>re</strong></span> <span class='ocrx_word' id='word_1_170' title='bbox 877 2431 982 2493; x_wconf 89' lang='lat' dir='ltr'><strong>autem</strong></span> <span class='ocrx_word' id='word_1_171' title='bbox 996 2427 1085 2492; x_wconf 90' lang='lat' dir='ltr'><strong>illam</strong></span> <span class='ocrx_word' id='word_1_172' title='bbox 1099 2429 1311 2512; x_wconf 90' lang='lat' dir='ltr'><strong>praecipiebat</strong></span> <span class='ocrx_word' id='word_1_173' title='bbox 1326 2431 1525 2512; x_wconf 88' lang='lat' dir='ltr'><strong>sapientiam</strong></span> 
     </span>
    </p>

    <p class='ocr_par' dir='ltr' id='par_1_7' title="bbox 408 2514 1525 2599">
     <span class='ocr_line' id='line_1_22' title="bbox 408 2514 1525 2599; baseline 0 -15"><span class='ocrx_word' id='word_1_174' title='bbox 408 2515 457 2584; x_wconf 83' lang='lat' dir='ltr'><strong>vel</strong></span> <span class='ocrx_word' id='word_1_175' title='bbox 472 2514 639 2588; x_wconf 90' lang='lat' dir='ltr'><strong>iustitiam,</strong></span> <span class='ocrx_word' id='word_1_176' title='bbox 656 2530 735 2596; x_wconf 90' lang='lat' dir='ltr'><strong>quae</strong></span> <span class='ocrx_word' id='word_1_177' title='bbox 750 2520 796 2580; x_wconf 91' lang='lat' dir='ltr'><strong>rta</strong></span> <span class='ocrx_word' id='word_1_178' title='bbox 811 2514 997 2598; x_wconf 90' lang='lat' dir='ltr'><strong>cupiditates</strong></span> <span class='ocrx_word' id='word_1_179' title='bbox 1008 2520 1178 2599; x_wconf 92' lang='lat' dir='ltr'><strong>temperet,</strong></span> <span class='ocrx_word' id='word_1_180' title='bbox 1192 2523 1228 2583; x_wconf 93' lang='lat' dir='ltr'><strong>ut</strong></span> <span class='ocrx_word' id='word_1_181' title='bbox 1239 2517 1280 2582; x_wconf 92' lang='lat' dir='ltr'><strong>iis</strong></span> <span class='ocrx_word' id='word_1_182' title='bbox 1291 2518 1412 2584; x_wconf 91' lang='lat' dir='ltr'><strong>diutius</strong></span> <span class='ocrx_word' id='word_1_183' title='bbox 1422 2521 1478 2586; x_wconf 90' lang='lat' dir='ltr'><strong>uti</strong></span> <span class='ocrx_word' id='word_1_184' title='bbox 1491 2523 1525 2585; x_wconf 94' lang='lat' dir='ltr'><strong>li-</strong></span> 
     </span>
    </p>

    <p class='ocr_par' dir='ltr' id='par_1_8' title="bbox 363 2600 1525 2688">
     <span class='ocr_line' id='line_1_23' title="bbox 363 2600 1525 2688; baseline 0.003 -18"><span class='ocrx_word' id='word_1_185' title='bbox 363 2631 367 2640; x_wconf 95' lang='lat'>·</span> <span class='ocrx_word' id='word_1_186' title='bbox 408 2605 534 2670; x_wconf 86' lang='lat' dir='ltr'><strong>coisset.</strong></span> <span class='ocrx_word' id='word_1_187' title='bbox 552 2602 641 2671; x_wconf 88' lang='lat' dir='ltr'><strong>Unde</strong></span> <span class='ocrx_word' id='word_1_188' title='bbox 656 2604 724 2685; x_wconf 89' lang='lat' dir='ltr'><strong>ipse</strong></span> <span class='ocrx_word' id='word_1_189' title='bbox 739 2600 861 2670; x_wconf 78' lang='lat' dir='ltr'><strong>Cicero:</strong></span> <span class='ocrx_word' id='word_1_190' title='bbox 881 2624 899 2665; x_wconf 88' lang='lat'>«</span> <span class='ocrx_word' id='word_1_191' title='bbox 915 2608 960 2670; x_wconf 82' lang='lat' dir='ltr'><strong>at</strong></span> <span class='ocrx_word' id='word_1_192' title='bbox 974 2605 1072 2672; x_wconf 91' lang='lat' dir='ltr'><strong>etiam</strong></span> <span class='ocrx_word' id='word_1_193' title='bbox 1087 2606 1219 2688; x_wconf 86' lang='lat' dir='ltr'><strong>Epicuri</strong></span> <span class='ocrx_word' id='word_1_194' title='bbox 1234 2607 1315 2672; x_wconf 88' lang='lat' dir='ltr'><strong>liber</strong></span> <span class='ocrx_word' id='word_1_195' title='bbox 1330 2610 1378 2672; x_wconf 92' lang='lat' dir='ltr'><strong>est</strong></span> <span class='ocrx_word' id='word_1_196' title='bbox 1392 2609 1434 2672; x_wconf 92' lang='lat' dir='ltr'><strong>de</strong></span> <span class='ocrx_word' id='word_1_197' title='bbox 1452 2628 1525 2674; x_wconf 90' lang='lat' dir='ltr'><strong>san·</strong></span> 
     </span>
    </p>

    <p class='ocr_par' dir='ltr' id='par_1_9' title="bbox 407 2691 1525 2778">
     <span class='ocr_line' id='line_1_24' title="bbox 407 2691 1525 2778; baseline 0.004 -19"><span class='ocrx_word' id='word_1_198' title='bbox 407 2695 532 2759; x_wconf 86' lang='lat' dir='ltr'><strong>ctltate.</strong></span> <span class='ocrx_word' id='word_1_199' title='bbox 549 2692 702 2758; x_wconf 90' lang='lat' dir='ltr'><strong>Ludimur</strong></span> <span class='ocrx_word' id='word_1_200' title='bbox 717 2691 756 2756; x_wconf 86' lang='lat' dir='ltr'><strong>ah</strong></span> <span class='ocrx_word' id='word_1_201' title='bbox 770 2691 912 2768; x_wconf 89' lang='lat' dir='ltr'><strong>homine,</strong></span> <span class='ocrx_word' id='word_1_202' title='bbox 930 2710 995 2758; x_wconf 91' lang='lat' dir='ltr'><strong>non</strong></span> <span class='ocrx_word' id='word_1_203' title='bbox 1012 2698 1078 2758; x_wconf 89' lang='lat' dir='ltr'><strong>tam</strong></span> <span class='ocrx_word' id='word_1_204' title='bbox 1093 2695 1210 2771; x_wconf 86' lang='lat' dir='ltr'><strong>faceto,</strong></span> <span class='ocrx_word' id='word_1_205' title='bbox 1224 2713 1319 2778; x_wconf 93' lang='lat' dir='ltr'><strong>quam</strong></span> <span class='ocrx_word' id='word_1_206' title='bbox 1330 2697 1370 2763; x_wconf 91' lang='lat' dir='ltr'><strong>ad</strong></span> <span class='ocrx_word' id='word_1_207' title='bbox 1381 2697 1525 2764; x_wconf 69' lang='lat' dir='ltr'><strong>scrinea</strong></span> 
     </span>
    </p>

    <p class='ocr_par' dir='ltr' id='par_1_10' title="bbox 408 2780 1525 2884">
     <span class='ocr_line' id='line_1_25' title="bbox 408 2780 1525 2884; baseline 0.005 -38"><span class='ocrx_word' id='word_1_208' title='bbox 408 2781 441 2846; x_wconf 91' lang='lat' dir='ltr'><strong>di</strong></span> <span class='ocrx_word' id='word_1_209' title='bbox 458 2781 618 2848; x_wconf 87' lang='lat' dir='ltr'><strong>licentiam</strong></span> <span class='ocrx_word' id='word_1_210' title='bbox 635 2780 745 2845; x_wconf 90' lang='lat' dir='ltr'><strong>libero.</strong></span> <span class='ocrx_word' id='word_1_211' title='bbox 763 2781 851 2884; x_wconf 73' lang='lat' dir='ltr'><strong>Quae</strong></span> <span class='ocrx_word' id='word_1_212' title='bbox 866 2781 953 2846; x_wconf 93' lang='lat' dir='ltr'><strong>enim</strong></span> <span class='ocrx_word' id='word_1_213' title='bbox 969 2800 1035 2848; x_wconf 91' lang='lat' dir='ltr'><strong>esse</strong></span> <span class='ocrx_word' id='word_1_214' title='bbox 1050 2788 1156 2866; x_wconf 89' lang='lat' dir='ltr'><strong>potest</strong></span> <span class='ocrx_word' id='word_1_215' title='bbox 1169 2787 1332 2859; x_wconf 89' lang='lat' dir='ltr'><strong>sanctitas,</strong></span> <span class='ocrx_word' id='word_1_216' title='bbox 1350 2785 1379 2848; x_wconf 89' lang='lat' dir='ltr'><strong>si</strong></span> <span class='ocrx_word' id='word_1_217' title='bbox 1393 2785 1452 2849; x_wconf 88' lang='lat' dir='ltr'><strong>Dii</strong></span> <span class='ocrx_word' id='word_1_218' title='bbox 1470 2787 1525 2852; x_wconf 91' lang='lat' dir='ltr'><strong>hu-</strong></span> 
     </span>
    </p>

    <p class='ocr_par' dir='ltr' id='par_1_11' title="bbox 168 2869 1525 3006">
     <span class='ocr_line' id='line_1_26' title="bbox 168 2869 1525 3006; baseline 0.007 -77"><span class='ocrx_word' id='word_1_219' title='bbox 168 2871 230 3006; x_wconf 53' lang='grc' dir='ltr'><strong>ΜΒ)</strong></span> <span class='ocrx_word' id='word_1_220' title='bbox 253 2873 295 3004; x_wconf 59' lang='grc' dir='ltr'><strong>οἵ</strong></span> <span class='ocrx_word' id='word_1_221' title='bbox 315 2873 386 3004; x_wconf 54' lang='lat' dir='ltr'><strong>inat</strong></span> <span class='ocrx_word' id='word_1_222' title='bbox 410 2887 502 2936; x_wconf 89' lang='lat' dir='ltr'><strong>mana</strong></span> <span class='ocrx_word' id='word_1_223' title='bbox 514 2888 578 2935; x_wconf 95' lang='lat' dir='ltr'><strong>non</strong></span> <span class='ocrx_word' id='word_1_224' title='bbox 590 2869 715 2936; x_wconf 84' lang='lat' dir='ltr'><strong>curanti</strong></span> <span class='ocrx_word' id='word_1_225' title='bbox 724 2870 1030 2952; x_wconf 81' lang='lat' dir='ltr'><strong>Eprcumsretollit,</strong></span> <span class='ocrx_word' id='word_1_226' title='bbox 1041 2873 1186 2975; x_wconf 79' lang='lat' dir='ltr'><strong>oratione</strong></span> <span class='ocrx_word' id='word_1_227' title='bbox 1197 2874 1350 2956; x_wconf 88' lang='lat' dir='ltr'><strong>relinquit</strong></span> <span class='ocrx_word' id='word_1_228' title='bbox 1361 2875 1448 2940; x_wconf 86' lang='lat' dir='ltr'><strong>Deos</strong></span> <span class='ocrx_word' id='word_1_229' title='bbox 1458 2873 1525 2960; x_wconf 81' lang='lat'>3).»</span> 
     </span>
    </p>

    <p class='ocr_par' dir='ltr' id='par_1_12' title="bbox 210 2958 1526 3118">
     <span class='ocr_line' id='line_1_27' title="bbox 210 2958 1526 3116; baseline 0.005 -94"><span class='ocrx_word' id='word_1_230' title='bbox 210 2963 265 3016; x_wconf 66' lang='lat' dir='ltr'><strong>‘lto</strong></span> <span class='ocrx_word' id='word_1_231' title='bbox 297 2989 304 3023; x_wconf 81' lang='lat' dir='ltr'><strong>t</strong></span> <span class='ocrx_word' id='word_1_232' title='bbox 362 2985 367 3002; x_wconf 92' lang='lat'>·</span> <span class='ocrx_word' id='word_1_233' title='bbox 446 3047 453 3065; x_wconf 93' lang='lat'><strong>.</strong></span> <span class='ocrx_word' id='word_1_234' title='bbox 481 2959 616 3116; x_wconf 56' lang='lat' dir='ltr'><strong>&#39;lovem</strong></span> <span class='ocrx_word' id='word_1_235' title='bbox 631 2958 707 3025; x_wconf 90' lang='lat' dir='ltr'><strong>haec</strong></span> <span class='ocrx_word' id='word_1_236' title='bbox 722 2964 795 3026; x_wconf 90' lang='lat' dir='ltr'><strong>sunt</strong></span> <span class='ocrx_word' id='word_1_237' title='bbox 810 2963 843 3025; x_wconf 93' lang='lat' dir='ltr'><strong>et</strong></span> <span class='ocrx_word' id='word_1_238' title='bbox 854 2977 946 3038; x_wconf 84' lang='lat' dir='ltr'><strong>nona,</strong></span> <span class='ocrx_word' id='word_1_239' title='bbox 960 2965 1090 3028; x_wconf 76' lang='lat' dir='ltr'><strong>mutatis</strong></span> <span class='ocrx_word' id='word_1_240' title='bbox 1101 2963 1270 3046; x_wconf 91' lang='lat' dir='ltr'><strong>aliquando</strong></span> <span class='ocrx_word' id='word_1_241' title='bbox 1282 2964 1394 3029; x_wconf 90' lang='lat' dir='ltr'><strong>lormis</strong></span> <span class='ocrx_word' id='word_1_242' title='bbox 1405 2964 1459 3030; x_wconf 88' lang='lat' dir='ltr'><strong>vel</strong></span> <span class='ocrx_word' id='word_1_243' title='bbox 1473 2984 1526 3029; x_wconf 82' lang='lat' dir='ltr'><strong>no</strong></span> 
     </span>
     <span class='ocr_line' id='line_1_28' title="bbox 410 3066 688 3118; baseline -0.036 -1"><span class='ocrx_word' id='word_1_244' title='bbox 410 3066 490 3118; x_wconf 86' lang='lat' dir='ltr'><strong>mrnr</strong></span> <span class='ocrx_word' id='word_1_245' title='bbox 512 3067 558 3116; x_wconf 90' lang='lat' dir='ltr'><strong>us.</strong></span> <span class='ocrx_word' id='word_1_246' title='bbox 684 3101 688 3107; x_wconf 90' lang='lat'><em>.</em></span> 
     </span>
    </p>

    <p class='ocr_par' dir='ltr' id='par_1_13' title="bbox 337 3136 1529 4119">
     <span class='ocr_line' id='line_1_29' title="bbox 337 3136 1526 3227; baseline -0.003 -19"><span class='ocrx_word' id='word_1_247' title='bbox 337 3211 339 3217; x_wconf 76' lang='grc'>,</span> <span class='ocrx_word' id='word_1_248' title='bbox 500 3139 558 3208; x_wconf 83' lang='lat' dir='ltr'><strong>lv.</strong></span> <span class='ocrx_word' id='word_1_249' title='bbox 576 3137 675 3208; x_wconf 87' lang='lat' dir='ltr'><strong>Stoici</strong></span> <span class='ocrx_word' id='word_1_250' title='bbox 690 3157 730 3207; x_wconf 88' lang='lat' dir='ltr'><strong>ex</strong></span> <span class='ocrx_word' id='word_1_251' title='bbox 743 3136 886 3217; x_wconf 80' lang='lat' dir='ltr'><strong>adverso,</strong></span> <span class='ocrx_word' id='word_1_252' title='bbox 900 3139 1042 3226; x_wconf 89' lang='lat' dir='ltr'><strong>corporis</strong></span> <span class='ocrx_word' id='word_1_253' title='bbox 1053 3142 1214 3227; x_wconf 89' lang='lat' dir='ltr'><strong>voluptate</strong></span> <span class='ocrx_word' id='word_1_254' title='bbox 1224 3143 1421 3224; x_wconf 90' lang='lat' dir='ltr'><strong>contempta,</strong></span> <span class='ocrx_word' id='word_1_255' title='bbox 1437 3141 1526 3224; x_wconf 91' lang='lat' dir='ltr'><strong>equi·</strong></span> 
     </span>
     <span class='ocr_line' id='line_1_30' title="bbox 411 3229 1526 3315; baseline -0.002 -20"><span class='ocrx_word' id='word_1_256' title='bbox 411 3231 482 3298; x_wconf 78' lang='lat' dir='ltr'><strong>(lem</strong></span> <span class='ocrx_word' id='word_1_257' title='bbox 497 3235 608 3302; x_wconf 91' lang='lat' dir='ltr'><strong>cuncta</strong></span> <span class='ocrx_word' id='word_1_258' title='bbox 622 3229 762 3296; x_wconf 92' lang='lat' dir='ltr'><strong>bominis</strong></span> <span class='ocrx_word' id='word_1_259' title='bbox 773 3229 867 3306; x_wconf 92' lang='lat' dir='ltr'><strong>bona,</strong></span> <span class='ocrx_word' id='word_1_260' title='bbox 884 3232 1121 3315; x_wconf 86' lang='lat' dir='ltr'><strong>universamque</strong></span> <span class='ocrx_word' id='word_1_261' title='bbox 1133 3231 1331 3303; x_wconf 81' lang='lat' dir='ltr'><strong>felicitatem,</strong></span> <span class='ocrx_word' id='word_1_262' title='bbox 1346 3230 1380 3291; x_wconf 95' lang='lat' dir='ltr'><strong>in</strong></span> <span class='ocrx_word' id='word_1_263' title='bbox 1393 3230 1526 3296; x_wconf 87' lang='lat' dir='ltr'><strong>virtutis</strong></span> 
     </span>
     <span class='ocr_line' id='line_1_31' title="bbox 413 3313 1527 3402; baseline -0.001 -18"><span class='ocrx_word' id='word_1_264' title='bbox 413 3336 448 3384; x_wconf 91' lang='lat' dir='ltr'><strong>ac</strong></span> <span class='ocrx_word' id='word_1_265' title='bbox 463 3318 604 3386; x_wconf 90' lang='lat' dir='ltr'><strong>institiae</strong></span> <span class='ocrx_word' id='word_1_266' title='bbox 620 3319 814 3384; x_wconf 88' lang='lat' dir='ltr'><strong>assecutione</strong></span> <span class='ocrx_word' id='word_1_267' title='bbox 836 3321 1029 3402; x_wconf 87' lang='lat' dir='ltr'><strong>constituere</strong></span> <span class='ocrx_word' id='word_1_268' title='bbox 1051 3319 1190 3400; x_wconf 80' lang='lat' dir='ltr'><strong>aggressi</strong></span> <span class='ocrx_word' id='word_1_269' title='bbox 1210 3321 1295 3388; x_wconf 86' lang='lat' dir='ltr'><strong>sunt;</strong></span> <span class='ocrx_word' id='word_1_270' title='bbox 1313 3313 1368 3376; x_wconf 88' lang='lat' dir='ltr'><strong>sed</strong></span> <span class='ocrx_word' id='word_1_271' title='bbox 1383 3319 1527 3382; x_wconf 89' lang='lat' dir='ltr'><strong>animam</strong></span> 
     </span>
     <span class='ocr_line' id='line_1_32' title="bbox 413 3399 1528 3489; baseline -0.004 -19"><span class='ocrx_word' id='word_1_272' title='bbox 413 3407 611 3489; x_wconf 89' lang='lat' dir='ltr'><strong>praepotenti</strong></span> <span class='ocrx_word' id='word_1_273' title='bbox 626 3406 751 3471; x_wconf 91' lang='lat' dir='ltr'><strong>cuidam</strong></span> <span class='ocrx_word' id='word_1_274' title='bbox 766 3407 833 3471; x_wconf 84' lang='lat' dir='ltr'><strong>lato</strong></span> <span class='ocrx_word' id='word_1_275' title='bbox 844 3409 1057 3480; x_wconf 88' lang='lat' dir='ltr'><strong>subiicientes,</strong></span> <span class='ocrx_word' id='word_1_276' title='bbox 1072 3423 1142 3470; x_wconf 88' lang='lat' dir='ltr'><strong>eam</strong></span> <span class='ocrx_word' id='word_1_277' title='bbox 1152 3403 1187 3466; x_wconf 94' lang='lat' dir='ltr'><strong>in</strong></span> <span class='ocrx_word' id='word_1_278' title='bbox 1198 3419 1311 3483; x_wconf 90' lang='lat' dir='ltr'><strong>corpus</strong></span> <span class='ocrx_word' id='word_1_279' title='bbox 1322 3399 1485 3481; x_wconf 88' lang='lat' dir='ltr'><strong>iniquam,</strong></span> <span class='ocrx_word' id='word_1_280' title='bbox 1500 3413 1528 3472; x_wconf 88' lang='lat' dir='ltr'><strong>et</strong></span> 
     </span>
     <span class='ocr_line' id='line_1_33' title="bbox 415 3489 1529 3576; baseline 0.001 -18"><span class='ocrx_word' id='word_1_281' title='bbox 415 3496 455 3570; x_wconf 38' lang='lat' dir='ltr'><strong>in,</strong></span> <span class='ocrx_word' id='word_1_282' title='bbox 465 3496 547 3576; x_wconf 91' lang='lat' dir='ltr'><strong>leges</strong></span> <span class='ocrx_word' id='word_1_283' title='bbox 562 3494 711 3559; x_wconf 89' lang='lat' dir='ltr'><strong>rebellem</strong></span> <span class='ocrx_word' id='word_1_284' title='bbox 725 3494 908 3559; x_wconf 81' lang='lat' dir='ltr'><strong>effecerunt.</strong></span> <span class='ocrx_word' id='word_1_285' title='bbox 926 3496 1008 3562; x_wconf 92' lang='lat' dir='ltr'><strong>Nam</strong></span> <span class='ocrx_word' id='word_1_286' title='bbox 1024 3499 1056 3559; x_wconf 90' lang='lat' dir='ltr'><strong>et</strong></span> <span class='ocrx_word' id='word_1_287' title='bbox 1071 3509 1182 3574; x_wconf 88' lang='lat' dir='ltr'><strong>corpus</strong></span> <span class='ocrx_word' id='word_1_288' title='bbox 1194 3490 1273 3555; x_wconf 92' lang='lat' dir='ltr'><strong>adeo</strong></span> <span class='ocrx_word' id='word_1_289' title='bbox 1284 3507 1343 3572; x_wconf 91' lang='lat' dir='ltr'><strong>pro</strong></span> <span class='ocrx_word' id='word_1_290' title='bbox 1355 3489 1462 3558; x_wconf 91' lang='lat' dir='ltr'><strong>nihilo</strong></span> <span class='ocrx_word' id='word_1_291' title='bbox 1474 3495 1529 3559; x_wconf 92' lang='lat' dir='ltr'><strong>ha-</strong></span> 
     </span>
     <span class='ocr_line' id='line_1_34' title="bbox 416 3579 1529 3664; baseline 0 -16"><span class='ocrx_word' id='word_1_292' title='bbox 416 3585 540 3658; x_wconf 89' lang='lat' dir='ltr'><strong>bebant,</strong></span> <span class='ocrx_word' id='word_1_293' title='bbox 557 3583 644 3649; x_wconf 93' lang='lat' dir='ltr'><strong>utin</strong></span> <span class='ocrx_word' id='word_1_294' title='bbox 660 3582 784 3647; x_wconf 86' lang='lat' dir='ltr'><strong>ardenti</strong></span> <span class='ocrx_word' id='word_1_295' title='bbox 800 3598 925 3664; x_wconf 91' lang='lat' dir='ltr'><strong>quoque</strong></span> <span class='ocrx_word' id='word_1_296' title='bbox 947 3581 1122 3648; x_wconf 90' lang='lat' dir='ltr'><strong>Phalaridis</strong></span> <span class='ocrx_word' id='word_1_297' title='bbox 1139 3584 1247 3655; x_wconf 91' lang='lat' dir='ltr'><strong>tauro,</strong></span> <span class='ocrx_word' id='word_1_298' title='bbox 1264 3579 1439 3663; x_wconf 85' lang='lat' dir='ltr'><strong>sapientem</strong></span> <span class='ocrx_word' id='word_1_299' title='bbox 1456 3584 1529 3648; x_wconf 92' lang='lat' dir='ltr'><strong>bea·</strong></span> 
     </span>
     <span class='ocr_line' id='line_1_35' title="bbox 414 3668 1528 3744; baseline -0.002 -5"><span class='ocrx_word' id='word_1_300' title='bbox 414 3679 484 3739; x_wconf 90' lang='lat' dir='ltr'><strong>tum</strong></span> <span class='ocrx_word' id='word_1_301' title='bbox 499 3691 564 3739; x_wconf 90' lang='lat' dir='ltr'><strong>esse</strong></span> <span class='ocrx_word' id='word_1_302' title='bbox 579 3671 754 3740; x_wconf 84' lang='lat' dir='ltr'><strong>effutirent.</strong></span> <span class='ocrx_word' id='word_1_303' title='bbox 771 3671 908 3737; x_wconf 85' lang='lat' dir='ltr'><strong>Animae</strong></span> <span class='ocrx_word' id='word_1_304' title='bbox 922 3690 996 3739; x_wconf 86' lang='lat' dir='ltr'><strong>vero</strong></span> <span class='ocrx_word' id='word_1_305' title='bbox 1010 3671 1172 3736; x_wconf 89' lang='lat' dir='ltr'><strong>licentiam</strong></span> <span class='ocrx_word' id='word_1_306' title='bbox 1184 3668 1261 3734; x_wconf 92' lang='lat' dir='ltr'><strong>adeo</strong></span> <span class='ocrx_word' id='word_1_307' title='bbox 1273 3669 1479 3744; x_wconf 83' lang='lat' dir='ltr'><strong>extollebant,</strong></span> <span class='ocrx_word' id='word_1_308' title='bbox 1495 3679 1528 3737; x_wconf 91' lang='lat' dir='ltr'><strong>ut</strong></span> 
     </span>
     <span class='ocr_line' id='line_1_36' title="bbox 415 3759 1529 3845; baseline -0.006 -16"><span class='ocrx_word' id='word_1_309' title='bbox 415 3761 704 3832; x_wconf 88' lang='lat' dir='ltr'><strong>illamNuminibns</strong></span> <span class='ocrx_word' id='word_1_310' title='bbox 714 3779 835 3845; x_wconf 90' lang='lat' dir='ltr'><strong>parem,</strong></span> <span class='ocrx_word' id='word_1_311' title='bbox 850 3761 989 3845; x_wconf 90' lang='lat' dir='ltr'><strong>adeoque</strong></span> <span class='ocrx_word' id='word_1_312' title='bbox 1004 3761 1053 3826; x_wconf 91' lang='lat' dir='ltr'><strong>sni</strong></span> <span class='ocrx_word' id='word_1_313' title='bbox 1063 3759 1224 3825; x_wconf 90' lang='lat' dir='ltr'><strong>dominam</strong></span> <span class='ocrx_word' id='word_1_314' title='bbox 1236 3761 1409 3832; x_wconf 85' lang='lat' dir='ltr'><strong>efficerent,</strong></span> <span class='ocrx_word' id='word_1_315' title='bbox 1423 3759 1529 3824; x_wconf 91' lang='lat' dir='ltr'><strong>homi-</strong></span> 
     </span>
     <span class='ocr_line' id='line_1_37' title="bbox 416 3848 1528 3936; baseline -0.007 -17"><span class='ocrx_word' id='word_1_316' title='bbox 416 3871 550 3936; x_wconf 89' lang='lat' dir='ltr'><strong>nemque</strong></span> <span class='ocrx_word' id='word_1_317' title='bbox 561 3854 621 3919; x_wconf 90' lang='lat' dir='ltr'><strong>sibi</strong></span> <span class='ocrx_word' id='word_1_318' title='bbox 634 3857 771 3918; x_wconf 90' lang='lat' dir='ltr'><strong>mortem</strong></span> <span class='ocrx_word' id='word_1_319' title='bbox 781 3851 974 3918; x_wconf 91' lang='lat' dir='ltr'><strong>consciscere</strong></span> <span class='ocrx_word' id='word_1_320' title='bbox 982 3851 1167 3934; x_wconf 93' lang='lat' dir='ltr'><strong>quandoque</strong></span> <span class='ocrx_word' id='word_1_321' title='bbox 1176 3867 1266 3931; x_wconf 87' lang='lat' dir='ltr'><strong>posse</strong></span> <span class='ocrx_word' id='word_1_322' title='bbox 1274 3849 1322 3915; x_wconf 89' lang='lat' dir='ltr'><strong>vcl</strong></span> <span class='ocrx_word' id='word_1_323' title='bbox 1330 3848 1444 3912; x_wconf 88' lang='lat' dir='ltr'><strong>debere</strong></span> <span class='ocrx_word' id='word_1_324' title='bbox 1453 3867 1528 3912; x_wconf 93' lang='lat' dir='ltr'><strong>con-</strong></span> 
     </span>
     <span class='ocr_line' id='line_1_38' title="bbox 415 3938 1529 4026; baseline -0.008 -16"><span class='ocrx_word' id='word_1_325' title='bbox 415 3943 597 4010; x_wconf 90' lang='lat' dir='ltr'><strong>stituerent.</strong></span> <span class='ocrx_word' id='word_1_326' title='bbox 613 3943 685 4009; x_wconf 89' lang='lat' dir='ltr'><strong>Fati</strong></span> <span class='ocrx_word' id='word_1_327' title='bbox 699 3946 940 4026; x_wconf 83' lang='lat' dir='ltr'><strong>praepotentem</strong></span> <span class='ocrx_word' id='word_1_328' title='bbox 952 3941 1015 4008; x_wconf 82' lang='lat' dir='ltr'><strong>vim</strong></span> <span class='ocrx_word' id='word_1_329' title='bbox 1026 3940 1098 4006; x_wconf 91' lang='lat' dir='ltr'><strong>idco</strong></span> <span class='ocrx_word' id='word_1_330' title='bbox 1110 3938 1282 4006; x_wconf 82' lang='lat' dir='ltr'><strong>commenti</strong></span> <span class='ocrx_word' id='word_1_331' title='bbox 1294 3943 1379 4012; x_wconf 92' lang='lat' dir='ltr'><strong>sunt,</strong></span> <span class='ocrx_word' id='word_1_332' title='bbox 1393 3940 1442 4012; x_wconf 91' lang='lat' dir='ltr'><strong>ut,</strong></span> <span class='ocrx_word' id='word_1_333' title='bbox 1457 3938 1529 4003; x_wconf 90' lang='lat' dir='ltr'><strong>aliis</strong></span> 
     </span>
     <span class='ocr_line' id='line_1_39' title="bbox 415 4030 1379 4119; baseline -0.011 -20"><span class='ocrx_word' id='word_1_334' title='bbox 415 4034 588 4119; x_wconf 87' lang='lat' dir='ltr'><strong>quibusque</strong></span> <span class='ocrx_word' id='word_1_335' title='bbox 604 4033 724 4114; x_wconf 90' lang='lat' dir='ltr'><strong>legibus</strong></span> <span class='ocrx_word' id='word_1_336' title='bbox 739 4033 847 4106; x_wconf 90' lang='lat' dir='ltr'><strong>soluti,</strong></span> <span class='ocrx_word' id='word_1_337' title='bbox 866 4031 1013 4096; x_wconf 84' lang='lat' dir='ltr'><strong>audacius</strong></span> <span class='ocrx_word' id='word_1_338' title='bbox 1028 4035 1165 4095; x_wconf 90' lang='lat' dir='ltr'><strong>mortem</strong></span> <span class='ocrx_word' id='word_1_339' title='bbox 1180 4030 1379 4110; x_wconf 87' lang='lat' dir='ltr'><strong>oppeterent.</strong></span> 
     </span>
    </p>

    <p class='ocr_par' dir='ltr' id='par_1_14' title="bbox 373 4112 1579 4656">
     <span class='ocr_line' id='line_1_40' title="bbox 373 4112 1527 4216; baseline -0.01 -24"><span class='ocrx_word' id='word_1_340' title='bbox 373 4189 385 4216; x_wconf 70' lang='grc'>,</span> <span class='ocrx_word' id='word_1_341' title='bbox 504 4126 546 4191; x_wconf 83' lang='lat' dir='ltr'><strong>V.</strong></span> <span class='ocrx_word' id='word_1_342' title='bbox 565 4124 652 4188; x_wconf 91' lang='lat' dir='ltr'><strong>Bona</strong></span> <span class='ocrx_word' id='word_1_343' title='bbox 669 4123 841 4188; x_wconf 90' lang='lat' dir='ltr'><strong>miscentur</strong></span> <span class='ocrx_word' id='word_1_344' title='bbox 855 4122 947 4186; x_wconf 92' lang='lat' dir='ltr'><strong>malis</strong></span> <span class='ocrx_word' id='word_1_345' title='bbox 969 4121 1004 4184; x_wconf 94' lang='lat' dir='ltr'><strong>in</strong></span> <span class='ocrx_word' id='word_1_346' title='bbox 1018 4120 1079 4184; x_wconf 89' lang='lat' dir='ltr'><strong>hoc</strong></span> <span class='ocrx_word' id='word_1_347' title='bbox 1101 4112 1450 4202; x_wconf 79' lang='lat' dir='ltr'><strong>systemate-Eilloruit</strong></span> <span class='ocrx_word' id='word_1_348' title='bbox 1466 4115 1527 4192; x_wconf 79' lang='lat' dir='ltr'><strong>Ro</strong></span> 
     </span>
     <span class='ocr_line' id='line_1_41' title="bbox 416 4201 1528 4297; baseline -0.01 -18"><span class='ocrx_word' id='word_1_349' title='bbox 416 4232 498 4290; x_wconf 90' lang='lat' dir='ltr'><strong>mae,</strong></span> <span class='ocrx_word' id='word_1_350' title='bbox 524 4213 706 4297; x_wconf 90' lang='lat' dir='ltr'><strong>prolabente</strong></span> <span class='ocrx_word' id='word_1_351' title='bbox 731 4211 905 4294; x_wconf 86' lang='lat' dir='ltr'><strong>republica,</strong></span> <span class='ocrx_word' id='word_1_352' title='bbox 930 4227 966 4274; x_wconf 92' lang='lat' dir='ltr'><strong>ac</strong></span> <span class='ocrx_word' id='word_1_353' title='bbox 981 4212 1152 4292; x_wconf 90' lang='lat' dir='ltr'><strong>praeeunte</strong></span> <span class='ocrx_word' id='word_1_354' title='bbox 1174 4205 1338 4279; x_wconf 89' lang='lat' dir='ltr'><strong>Panaetio,</strong></span> <span class='ocrx_word' id='word_1_355' title='bbox 1356 4201 1483 4285; x_wconf 79' lang='lat' dir='ltr'><strong>Polybii</strong></span> <span class='ocrx_word' id='word_1_356' title='bbox 1499 4209 1528 4268; x_wconf 92' lang='lat' dir='ltr'><strong>et</strong></span> 
     </span>
     <span class='ocr_line' id='line_1_42' title="bbox 416 4293 1526 4386; baseline -0.013 -16"><span class='ocrx_word' id='word_1_357' title='bbox 416 4303 573 4386; x_wconf 89' lang='lat' dir='ltr'><strong>Scipionis</strong></span> <span class='ocrx_word' id='word_1_358' title='bbox 589 4301 733 4368; x_wconf 79' lang='lat' dir='ltr'><strong>Africani</strong></span> <span class='ocrx_word' id='word_1_359' title='bbox 756 4299 960 4364; x_wconf 90' lang='lat' dir='ltr'><strong>amicissimo.</strong></span> <span class='ocrx_word' id='word_1_360' title='bbox 978 4297 1084 4378; x_wconf 87' lang='lat' dir='ltr'><strong>Quum</strong></span> <span class='ocrx_word' id='word_1_361' title='bbox 1099 4295 1186 4360; x_wconf 90' lang='lat' dir='ltr'><strong>enim</strong></span> <span class='ocrx_word' id='word_1_362' title='bbox 1201 4293 1355 4376; x_wconf 82' lang='lat' dir='ltr'><strong>Epicurus</strong></span> <span class='ocrx_word' id='word_1_363' title='bbox 1369 4293 1526 4366; x_wconf 89' lang='lat' dir='ltr'><strong>senatum,</strong></span> 
     </span>
     <span class='ocr_line' id='line_1_43' title="bbox 416 4382 1528 4476; baseline -0.013 -18"><span class='ocrx_word' id='word_1_364' title='bbox 416 4393 530 4470; x_wconf 87' lang='lat' dir='ltr'><strong>curias,</strong></span> <span class='ocrx_word' id='word_1_365' title='bbox 549 4383 662 4476; x_wconf 86' lang='lat' dir='ltr'><strong>poetas&#39;</strong></span> <span class='ocrx_word' id='word_1_366' title='bbox 672 4397 704 4456; x_wconf 91' lang='lat' dir='ltr'><strong>et</strong></span> <span class='ocrx_word' id='word_1_367' title='bbox 719 4395 874 4463; x_wconf 88' lang='lat' dir='ltr'><strong>oratores,</strong></span> <span class='ocrx_word' id='word_1_368' title='bbox 887 4405 1052 4454; x_wconf 89' lang='lat' dir='ltr'><strong>romanam</strong></span> <span class='ocrx_word' id='word_1_369' title='bbox 1062 4385 1197 4468; x_wconf 89' lang='lat' dir='ltr'><strong>denique</strong></span> <span class='ocrx_word' id='word_1_370' title='bbox 1209 4383 1403 4448; x_wconf 88' lang='lat' dir='ltr'><strong>iuventutem</strong></span> <span class='ocrx_word' id='word_1_371' title='bbox 1414 4396 1451 4442; x_wconf 91' lang='lat' dir='ltr'><strong>ac</strong></span> <span class='ocrx_word' id='word_1_372' title='bbox 1463 4382 1528 4460; x_wconf 90' lang='lat' dir='ltr'><strong>ple-</strong></span> 
     </span>
     <span class='ocr_line' id='line_1_44' title="bbox 415 4468 1579 4567; baseline -0.016 -18"><span class='ocrx_word' id='word_1_373' title='bbox 415 4484 487 4548; x_wconf 92' lang='lat' dir='ltr'><strong>bem</strong></span> <span class='ocrx_word' id='word_1_374' title='bbox 502 4483 602 4567; x_wconf 89' lang='lat' dir='ltr'><strong>ipsam</strong></span> <span class='ocrx_word' id='word_1_375' title='bbox 618 4480 788 4555; x_wconf 78' lang='lat' dir='ltr'><strong>iniecisset3</strong></span> <span class='ocrx_word' id='word_1_376' title='bbox 802 4495 960 4561; x_wconf 89' lang='lat' dir='ltr'><strong>quumque</strong></span> <span class='ocrx_word' id='word_1_377' title='bbox 971 4475 1034 4541; x_wconf 91' lang='lat' dir='ltr'><strong>late</strong></span> <span class='ocrx_word' id='word_1_378' title='bbox 1045 4477 1174 4540; x_wconf 86' lang='lat' dir='ltr'><strong>merent</strong></span> <span class='ocrx_word' id='word_1_379' title='bbox 1185 4489 1258 4538; x_wconf 92' lang='lat' dir='ltr'><strong>cum</strong></span> <span class='ocrx_word' id='word_1_380' title='bbox 1271 4469 1417 4534; x_wconf 90' lang='lat' dir='ltr'><strong>libertate</strong></span> <span class='ocrx_word' id='word_1_381' title='bbox 1428 4468 1526 4534; x_wconf 85' lang='lat' dir='ltr'><strong>virtus</strong></span> <span class='ocrx_word' id='word_1_382' title='bbox 1578 4499 1579 4530; x_wconf 64' lang='lat' dir='ltr'><strong>n</strong></span> 
     </span>
     <span class='ocr_line' id='line_1_45' title="bbox 417 4558 1527 4656; baseline -0.014 -19"><span class='ocrx_word' id='word_1_383' title='bbox 417 4573 558 4656; x_wconf 91' lang='lat' dir='ltr'><strong>antiqua,</strong></span> <span class='ocrx_word' id='word_1_384' title='bbox 575 4571 701 4651; x_wconf 83' lang='lat' dir='ltr'><strong>religio,</strong></span> <span class='ocrx_word' id='word_1_385' title='bbox 719 4587 821 4632; x_wconf 88' lang='lat' dir='ltr'><strong>mores</strong></span> <span class='ocrx_word' id='word_1_386' title='bbox 837 4583 873 4631; x_wconf 89' lang='lat' dir='ltr'><strong>ac</strong></span> <span class='ocrx_word' id='word_1_387' title='bbox 885 4567 998 4650; x_wconf 87' lang='lat' dir='ltr'><strong>pietas;</strong></span> <span class='ocrx_word' id='word_1_388' title='bbox 1013 4563 1172 4637; x_wconf 89' lang='lat' dir='ltr'><strong>meliores,</strong></span> <span class='ocrx_word' id='word_1_389' title='bbox 1187 4560 1241 4643; x_wconf 91' lang='lat' dir='ltr'><strong>qui</strong></span> <span class='ocrx_word' id='word_1_390' title='bbox 1254 4564 1328 4624; x_wconf 91' lang='lat' dir='ltr'><strong>tunc</strong></span> <span class='ocrx_word' id='word_1_391' title='bbox 1341 4558 1472 4622; x_wconf 87' lang='lat' dir='ltr'><strong>aderant</strong></span> <span class='ocrx_word' id='word_1_392' title='bbox 1485 4561 1527 4624; x_wconf 85' lang='lat' dir='ltr'><strong>vi-</strong></span> 
     </span>
    </p>
   </div>
   <div class='ocr_carea' id='block_1_4' title="bbox 0 0 1604 5282">
    <p class='ocr_par' dir='ltr' id='par_1_15' title="bbox 0 0 1604 5282">
     <span class='ocr_line' id='line_1_46' title="bbox 0 0 1604 5282; baseline 0 0"><span class='ocrx_word' id='word_1_393' title='bbox 0 0 1604 5282; x_wconf 95' lang='lat' dir='ltr'><strong> </strong></span> 
     </span>
    </p>
   </div>
  </div>
 </body>
</html>
