3238 5282
541 349 544 355 ¹
611 287 795 340 macunen.
976 295 978 302 ’
1140 265 1206 338 att

132 430 245 499 miscet
266 433 317 515 vel
328 431 412 498 delet
427 432 547 498 subditi
562 439 595 498 et
611 435 811 517 imperantis,
827 434 906 498 iuris
920 433 1185 499 communismum
1201 431 1253 497 in·

131 521 251 596 stituit,
273 527 311 587 ut
323 521 413 586 Plato
431 523 648 602 proprietatis.
666 525 752 588 llaec
767 527 853 590 enim
870 523 1069 606 pauperrima
1085 521 1249 588 iactantia:

11 637 13 656 ν
130 629 202 674 mea
217 629 304 674 mous
319 612 449 689 indicat,
465 629 535 674 mec
549 613 697 678 noluntas
711 614 859 690 decernit,
871 630 942 677 mea
956 612 1004 675 nis
1020 613 1197 693 eeeqnitnr,
1209 611 1252 675 si-

11 717 13 756 l
130 700 217 762 milis
232 705 280 765 ast
295 699 357 774 illi,
371 717 432 781 qua
448 699 626 780 platonicus
641 702 719 766 civis
734 719 813 768 cum·
823 702 903 793 nibil
920 700 1107 783 possideret,
1121 701 1252 766 univer-

11 805 13 846 ε
129 806 181 852 sas
196 793 302 853 tamen
324 788 515 872 reipublicae
531 806 608 871 opes
628 790 814 872 inspiciens,
832 790 893 856 sibi
909 789 1144 872 gratulabatur:
1166 787 1254 854 Haec

11 895 13 936 l
131 878 242 942 omnio
256 896 326 942 mea
341 885 415 941 sunt
432 876 475 957 1).
1294 873 1492 950 iturarum,

191 956 196 970 '
223 967 315 1032 XXI.
334 967 396 1032 Sed
410 967 568 1048 quomodo
584 966 621 1033 lit
637 969 671 1032 in
684 974 851 1035 contractu
863 967 985 1043 sociali,
1000 972 1042 1044 ut,
1051 966 1121 1049 quis
1136 985 1253 1031 renun·
1269 951 1315 1023 Vb
1330 957 1356 1017 §-
1371 953 1429 1010 llll.

11 1105 12 1112 ,
129 1055 198 1120 ciet
212 1060 245 1120 et
261 1074 325 1120 nou
340 1057 518 1129 renunciet,
537 1056 607 1120 iura
621 1058 793 1124 transierat
808 1064 840 1124 et
857 1077 920 1122 uon
938 1056 1252 1123 transferathovam

11 1191 12 1196 .
131 1145 262 1226 percipe
278 1146 415 1210 auctoris
430 1145 691 1226 explicationem:
707 1149 766 1213 «Ε
782 1153 893 1229 questa
909 1144 926 1210 b
943 1147 970 1210 la
988 1150 1097 1211 natura
1113 1145 1253 1226 partico-

11 1255 13 1296 r
132 1233 200 1298 lare
221 1234 270 1297 del
286 1233 453 1300 Contratto
473 1234 605 1301 Sociale.
623 1235 843 1304 Ne'contratti
859 1234 1026 1310 ordinarii,
1044 1235 1056 1298 i
1072 1233 1252 1304 contraenti

11 1345 13 1390 ε
128 1338 212 1388 sono
223 1341 358 1405 persone
368 1324 506 1388 disticte:
517 1323 568 1386 uel
580 1322 747 1391 Contratto
759 1324 882 1392 Sociale
894 1326 923 1388 sl
933 1332 1059 1388 caetrae
1067 1341 1126 1388 con
1135 1341 1166 1386 sc
1178 1331 1252 1386 steo-

11 1437 12 1474 3
128 1429 178 1476 so.
194 1412 280 1486 Sono
296 1412 329 1477 io
344 1411 403 1476 clre
415 1411 591 1488 ubbidisco,
609 1413 648 1476 ed
664 1414 696 1477 io
708 1414 767 1478 cbe
781 1414 948 1479 comendo:
966 1413 999 1477 io
1014 1431 1093 1478 sono
1109 1412 1132 1476 il
1147 1411 1252 1476 suddi·
1345 1491 1347 1496 Ι

11 1535 12 1556 .
128 1503 179 1574 to,
195 1502 234 1566 ed
249 1501 281 1564 io
294 1519 373 1578 sono
388 1500 622 1584 ilprincipeb).
636 1524 654 1563 »
665 1502 929 1568 Politicumbuno
941 1501 1175 1583 pantheismum
1188 1518 1251 1565 non
1290 1503 1317 1576 nl
1332 1503 1385 1580 lb,
1397 1512 1423 1573 s.
1438 1509 1464 1564 l.

11 1617 13 1656 l
129 1589 314 1664 miraberis,
332 1609 396 1656 non
413 1589 581 1672 suspicies?
596 1591 712 1658 Nonne
734 1609 895 1657 versamur
909 1592 943 1664 in
959 1590 1130 1672 Republica
1146 1589 1253 1654 Plato-

129 1679 199 1742 nis‘l
215 1679 435 1762 Prosequitur:
452 1701 468 1740 u
482 1681 537 1745 Ma
552 1695 642 1744 come
657 1680 684 1743 si
701 1677 763 1764 pub
775 1684 954 1746 contrattar
964 1697 1023 1744 cou
1039 1697 1072 1744 se
1086 1678 1202 1744 stesso?
1214 1679 1252 1743 ln

129 1771 242 1850 questo
255 1768 350 1834 unico
366 1768 474 1833 modo:
489 1769 521 1833 io
533 1767 697 1833 indiuiduo
712 1774 943 1834 contrattncon
957 1785 1008 1832 me
1019 1769 1152 1850 confuso
1168 1767 1253 1830 nella
1365 1849 1369 1859 Ι

11 1887 12 1928 r
129 1873 239 1922 massa
254 1874 385 1923 comune
399 1855 444 1942 3).
462 1881 480 1920 u
496 1858 663 1938 Quomodo
676 1858 851 1942 Spedaiieri
862 1858 1043 1922 individuus
1058 1857 1253 1922 contraxerit
1291 1848 1317 1925 3)
1332 1846 1444 1907 lbrderu.

57 1955 62 1961 ’
127 1945 181 2010 vel
195 1946 384 2012 contrahere
408 1945 552 2028 potuerit
570 1964 642 2010 cum
658 1947 833 2029 Spedaiieri
851 1947 983 2010 confuso
999 1949 1033 2012 in
1050 1963 1151 2012 massa
1165 1962 1254 2010 cum·

11 2091 13 2108 ,
130 2036 235 2111 muni,
245 2035 314 2116 ipse
331 2037 415 2101 solus
430 2034 587 2101 edocebit:
600 2054 657 2100 uos
673 2055 736 2102 uon
751 2035 974 2117 intelligimus,
986 2054 1043 2102 nec
1057 2051 1152 2100 sanae
1164 2053 1253 2102 men-

128 2123 175 2188 tis
190 2124 350 2206 intelliget
365 2126 545 2209 quisquam.

221 2214 329 2279 xxti.
347 2215 437 2282 Nihil
453 2215 561 2296 itaque
577 2213 656 2289 veri,
675 2215 758 2280 nibil
774 2215 879 2298 aequi,
897 2215 1023 2280 coniert
1038 2213 1102 2284 iuri
1116 2212 1248 2294 politico

126 2303 453 2378 contractussocialis,
463 2303 611 2370 societati
623 2304 827 2386 explicandae
837 2304 885 2369 vel
898 2303 1137 2370 constituendae
1149 2303 1249 2368 insut-

127 2390 253 2467 ficiens,
264 2392 418 2474 simulque
434 2409 626 2474 repugnans.
637 2394 842 2459 insufficiens:
854 2411 939 2469 nam,
951 2394 1021 2458 sine
1037 2392 1099 2458 ullo
1111 2409 1249 2473 unquam

126 2484 224 2562 pacto
243 2481 366 2562 primae
380 2482 548 2548 societates
563 2482 750 2556 extiterant,
768 2484 915 2564 exemplo
938 2486 971 2548 et
987 2499 1076 2548 more
1094 2480 1246 2556 iamiliae,

125 2568 242 2651 quibus
257 2569 308 2634 lex
323 2570 475 2635 naturalis
488 2570 684 2636 abundanter
693 2572 861 2646 sufficeret:
872 2571 998 2642 aliunde
1010 2572 1108 2654 igitur
1120 2569 1246 2634 illarum

124 2657 313 2734 existentia,
322 2677 416 2742 quam
431 2661 771 2743 apactodlepugnans:
783 2677 867 2734 nam,
878 2661 964 2724 illius
978 2658 1104 2742 patroni
1114 2657 1247 2723 absurda

127 2747 358 2828 loquunturvel
366 2751 588 2830 repugnantia,
597 2747 1247 2831 quotiesexpactoratiocinanturlleinde

125 2841 258 2916 pactum
270 2841 318 2903 est
329 2838 507 2918 personale:
518 2855 594 2919 ergo
606 2843 696 2904 extra
711 2842 836 2921 pactum
846 2842 879 2902 et
887 2840 1071 2904 societatem
1081 2840 1246 2902 remanent

125 2925 319 3008 quicumque
333 2931 426 3008 pacto
444 2945 507 2991 nou
522 2927 750 2992 consenseriut.
771 2926 802 2991 1.
820 2927 984 3002 Mulieres,
1002 2944 1082 3012 quae
1093 2929 1126 2989 et
1138 2925 1176 2988 de
1188 2943 1249 3007 po-·

125 3014 206 3095 pulo
220 3019 306 3091 sunt,
328 3032 461 3100 quarum
477 3033 637 3100 uunquam
653 3015 818 3098 explorata
832 3016 993 3090 voluntas:
1011 3017 1045 3081 2.
1064 3015 1244 3098 omnesqui

125 3103 280 3184 explicite
294 3121 358 3168 non
374 3106 604 3183 consenserint,
624 3105 800 3186 implicitus
815 3106 902 3169 enim
919 3105 1008 3168 lictio
1023 3110 1070 3170 est
1089 3120 1152 3166 non
1168 3120 1245 3166 cou-

124 3209 247 3268 sensus;
265 3191 298 3257 3.
317 3191 543 3270 filiifamilias,
561 3193 616 3275 qui
632 3199 742 3258 natura
757 3210 922 3276 personam
939 3197 1053 3274 gerunt
1069 3211 1087 3257 a
1101 3190 1245 3274 patribus

125 3279 368 3359 distinctam;d.
379 3283 579 3348 succedentes
592 3282 912 3368 generationesquae
924 3283 1067 3359 liberam,
1078 3285 1114 3347 ut
1122 3284 1241 3364 patres,

124 3469 180 3526 llus
199 3466 268 3526 bono
287 3471 453 3544 prospicere3
475 3477 534 3528 lum
555 3473 684 3544 prinecps
703 3476 790 3528 totum
803 3470 972 3541 societatem,
991 3483 1042 3528 ceu
1063 3475 1141 3542 puter
1160 3471 1239 3528 lami·

126 3545 204 3617 liam,
225 3550 302 3602 recte
316 3553 523 3623 repraesentare
536 3548 654 3619 dicetur,
670 3546 921 3620 quodqueiusserll
934 3546 1074 3618 princeps,
1083 3545 1109 3604 ld
1123 3548 1239 3604 societas

125 3619 244 3677 voluisse
264 3621 361 3678 merito
381 3623 560 3694 reputabitur,
575 3626 611 3682 nt
624 3639 689 3680 vero
710 3624 733 3679 si
746 3624 799 3679 boc
813 3637 896 3678 sensu
909 3621 1020 3694 intelllgi
1034 3621 1148 3695 placeat,
1162 3624 1238 3696 quasi

126 3695 236 3768 publicu
255 3704 375 3768 potestas
395 3714 447 3754 non
466 3699 538 3757 allud
552 3700 598 3773 sil,
614 3714 696 3772 quarn
710 3713 816 3754 summa
835 3703 863 3753 et
875 3703 1053 3770 aggregatum
1066 3698 1239 3756 minimarum

127 3773 247 3844 privatae
267 3771 400 3830 libertatis
420 3773 625 3848 particularum,
639 3790 707 3847 quus
720 3773 906 3846 unusquisque
920 3773 947 3828 in
960 3773 1098 3829 cumulum
1112 3775 1237 3846 eontulit,
1251 3771 1255 3778 '

129 3861 180 3904 nec
199 3847 250 3902 alio
265 3862 375 3905 munere
389 3851 516 3920 princeps
529 3849 667 3923 iungatur,
681 3864 762 3922 quarn
776 3847 930 3920 depositarii
941 3847 1065 3920 publicae
1075 3851 1238 3922 sententiae,

126 3924 318 3995 consurgentis
336 3938 369 3980 ax
382 3927 518 3995 praesenti
532 3928 653 3983 omnium
672 3925 821 3996 voluntath
837 3925 925 3997 aitqua
937 3922 1006 3982 adeo
1021 3925 1098 3998 quasi
1113 3926 1200 3983 sedba
1213 3926 1240 3982 in

126 3998 254 4071 comitiis,
276 3998 445 4072 singulorum
457 4007 521 4058 vota
542 4001 690 4072 explorans
708 4006 737 4057 et
749 4000 890 4073 colligens,
907 4005 936 4058 et
954 4015 1127 4058 communem
1140 3999 1239 4059 deiude

127 4076 291 4130 seutentiam
311 4075 459 4149 explicnns3
481 4077 602 4147 prolecto
616 4078 685 4134 baec
697 4074 862 4148 intelligendi
881 4076 950 4132 ratio
963 4091 1026 4132 oum
1040 4091 1180 4132 sacrarum
1193 4075 1239 4134 lit·

126 4156 249 4206 terarum
262 4151 424 4208 testimoniis
441 4151 478 4224 let
491 4169 555 4210 cum
568 4152 641 4210 civili
655 4150 747 4224 seusu)
762 4166 844 4224 aegre
857 4150 1057 4208 conciliabitur.
1068 4151 1176 4208 Etenim
1191 4167 1238 4206 su·

122 4240 223 4296 pram
245 4231 378 4299 potestas,
393 4227 419 4284 ln
433 4226 582 4303 republica,
597 4229 687 4286 divina
701 4227 867 4286 ordinatione
880 4227 1016 4298 consistit,
1031 4242 1084 4283 non
1104 4226 1190 4297 pactis
1204 4225 1238 4281 il·

125 4301 170 4372 lis,
185 4306 214 4356 et
226 4300 354 4376 cumulis,
375 4317 493 4374 quorum
506 4303 582 4362 nulla
594 4310 668 4362 extat
681 4303 821 4362 memoria:
836 4309 931 4376 estque
950 4317 1095 4374 supremus
1109 4302 1236 4373 princeps

126 4392 181 4433 non
194 4376 309 4440 vicarias
325 4377 428 4451 populi,
438 4377 486 4435 sed
496 4381 671 4438 ministerllel
685 4383 698 4432 a
713 4378 922 4454 (Gaunrnrns‚de
931 4381 1064 4452 Prtnctp.
1075 4381 1128 4435 elo.
1139 4391 1167 4446 p.
1177 4375 1234 4450 22).

125 4453 212 4520 Quum
232 4452 299 4507 mira
313 4453 434 4511 idearum
452 4457 588 4526 supientia
601 4463 630 4514 st
643 4455 767 4512 claritasl
785 4456 814 4510 ln
829 4455 1021 4514 ltoussearium
1035 4459 1122 4524 cerlo,
1138 4466 1170 4508 uc
1183 4449 1237 4508 lor·

126 4542 175 4584 san
190 4529 215 4585 ln
228 4526 423 4600 Spadalterium
438 4528 483 4587 ille
496 4531 610 4608 digitum
625 4531 788 4590 intendebat.
