3238 5282
601 339 735 390 rrrunus
749 341 807 390 xv.
930 389 937 402 ,
1157 321 1219 388 197

143 485 354 554 tatittnmit
372 485 458 565 Quid
471 485 610 552 Narcissi
627 487 686 560 ius,
704 487 758 551 sed
773 490 958 568 arroganter
973 488 1149 568 prolatum?
1160 490 1261 557 Nihil.

143 579 204 643 Dei
220 575 372 640 nimirum
389 579 469 651 eret,
487 575 808 659 eiusquesapientiae
822 582 855 641 et
868 575 1048 653 charitatis,
1064 596 1176 644 novam
1188 598 1264 644 eon-

143 668 218 731 dere
234 669 375 747 gentem.
406 677 410 684 *
839 701 842 706 -
977 721 980 728 .

233 755 324 820 XIV.
340 755 423 820 Hinc
440 771 503 819 non
519 754 553 819 in
569 754 694 822 Christo
704 753 835 837 eiusque
846 755 1010 850 discipulis
1021 756 1155 835 superba
1170 761 1264 841 atque

143 844 345 925 indignantia
361 844 414 908 iiia
431 845 538 911 verba:
555 845 609 910 Me
624 844 798 920 aetna-cito
812 861 930 928 agnum
940 845 1070 909 liberam
1081 847 1259 926 gustabunt.

141 933 214 1000 Non
232 933 348 1006 minae,
360 951 424 996 non
436 932 628 1000 seditionum
639 933 1004 1016 pabulazsocietasenim
1016 934 1263 1001 traditionaieet

142 1022 739 1105 perantiquumiromiuumaediticium,
749 1039 812 1086 nou
823 1022 985 1104 extemplo
994 1023 1027 1087 in
1041 1023 1262 1098 novasfarmes

139 1109 332 1186 detruditur,
348 1112 426 1193 quia
441 1111 481 1176 ad
496 1112 606 1192 peiora
622 1112 756 1176 labatur.
766 1112 913 1178 Hominis
924 1117 1031 1194 autem
1047 1111 1081 1175 in
1098 1112 1261 1179 hominem

4 1233 8 1274 ρ
139 1200 606 1278 dominatio,'cumexunivarsa
615 1207 687 1267 orta
695 1200 806 1289 inisset
818 1203 1173 1286 naturaecorruptione,
1185 1202 1262 1269 imae

139 1289 247 1371 primo
262 1289 297 1352 in
312 1289 493 1356 universnm
516 1295 585 1356 erat
599 1291 814 1366 restauranda,
833 1297 882 1367 ut,
898 1295 1068 1356 consancta
1087 1294 1212 1366 radice,
1230 1298 1263 1359 et

138 1377 303 1443 societatis
318 1379 399 1443 rami
415 1379 681 1450 convalescerent.
694 1377 805 1446 Carnis
821 1397 935 1462 nempe
946 1386 979 1445 et
991 1381 1111 1462 peccati
1128 1381 1263 1448 servitus

138 1467 336 1532 dissolvenda
351 1472 432 1542 erat,
450 1472 487 1533 ut
500 1467 640 1548 spiritus·
649 1469 688 1533 ad
701 1469 827 1534 civitem
842 1469 916 1534 dein
936 1468 1118 1534 libertatem
1133 1479 1263 1536 consurss

140 1560 244 1637 geret.
261 1556 329 1621 Huc
341 1557 447 1638 itaqua
458 1557 993 1640 spectabatApostolusgentiumzn
1005 1557 1083 1624 Gum
1095 1561 1182 1623 enim
1197 1579 1264 1625 ser·

141 1645 172 1708 vi
189 1646 299 1710 essetis
314 1646 548 1728 secessissent
564 1646 668 1712 fuistis
683 1647 826 1713 iustitiae
833 1646 876 1731 1).
894 1645 962 1730 (om
976 1647 1060 1712 Haec
1072 1649 1263 1730 primumii-
1307 1655 1330 1722 lt
1347 1656 1441 1728 liam,
1464 1658 1509 1730 rt,

139 1735 258 1809 bertas,
276 1752 339 1799 non
356 1751 515 1816 perarma
530 1735 648 1814 civilia,
666 1736 720 1800 sed
736 1754 794 1816 per
808 1735 950 1801 iustitiae
972 1737 1169 1813 servitutem,
1187 1755 1264 1803 con·
1283 1729 1329 1786 ²⁰·

4 1799 6 1888 ζ
138 1823 431 1905 quirendazaSicut
442 1823 776 1891 exhibuistismembra
786 1830 887 1890 vestra
899 1825 1017 1891 servire
1026 1825 1260 1903 immunditiae,

4 1953 6 1994 ,
139 1917 174 1978 et
186 1912 350 1996 iniquitati
362 1913 679 1997 adiniquitatem3ita
691 1931 773 1980 nunc
783 1913 1076 1979 exhibetemembra
1089 1922 1190 1983 vestra
1198 1934 1263 1982 ser-

138 2002 208 2065 vire
220 2001 362 2066 iustitiae
377 2002 411 2066 in
425 2003 711 2069 sanctificationem
723 2001 767 2086 2).
781 2027 798 2068 n
811 2004 1029 2069 Haeosumma
1042 2004 1183 2078 libertas,
1194 2023 1264 2071 om·
1301 2008 1328 2079 2)
1343 2009 1423 2081 ibid,
1444 2014 1487 2068 ta.

4 2147 5 2156 ,
137 2091 290 2174 uiamque
302 2091 484 2156 libertatum
496 2092 749 2157 tundamentum.
760 2094 821 2160 Per
835 2092 992 2158 iustitiam
1004 2093 1090 2157 enim
1107 2095 1146 2158 ad
1161 2094 1262 2160 Mum

4 2255 5 2258 Ἴ
136 2180 327 2255 accedimus,
346 2181 414 2246 Deo
430 2181 641 2260 inhaeremus,
660 2181 787 2263 eiusque
801 2182 918 2262 spiritu
933 2183 1077 2248 vivimus:
1093 2203 1110 2242 «
1129 2182 1191 2251 Ubi
1206 2190 1262 2248 au-'

135 2276 205 2334 tem
226 2270 354 2352 spiritus
369 2271 514 2346 Domini,
532 2271 577 2335 ibi
594 2270 721 2336 libertas
737 2267 781 2355 3).
803 2293 820 2334 n
841 2271 957 2338 Sancta
971 2271 1099 2353 quidem
1116 2271 1256 2350 libertas,
1302 2281 1329 2349 tt
1342 2281 1366 2336 n
1377 2283 1506 2341 mrtntt.

109 2385 111 2389 ·
135 2374 199 2438 qua
209 2359 317 2441 popuii
327 2359 698 2445 eorumqueimpeeantes
706 2359 941 2435 reficiebantur,
952 2379 1045 2444 quam
1054 2365 1168 2434 extunc
1181 2379 1260 2427 uon·
1283 2355 1331 2430 ΙΙΙ,
1351 2356 1393 2413 ¹7·

136 2447 292 2523 nuili‚sed
303 2449 431 2514 demum
445 2448 583 2514 maxime
599 2447 754 2514 Lutherns
769 2449 899 2530 eiusque
913 2449 1103 2525 assectaein
1118 2451 1259 2516 divinam
1349 2487 1351 2493 s

135 2543 170 2600 et
188 2537 350 2617 politicam
366 2539 632 2604 insurrectionem
646 2541 879 2615 converterant,
899 2557 917 2597 a
935 2538 1024 2622 quasi
1048 2539 1187 2605 velamen
1203 2541 1259 2604 ha·
1493 2605 1495 2610 ,

137 2625 250 2692 beatas
260 2627 402 2693 malitiae
414 2627 593 2693 libertatem
608 2623 652 2711 d).
673 2650 700 2690 n.
1299 2617 1327 2692 ΙΙ
1337 2622 1353 2710 Ι
1372 2623 1454 2697 Petri,
1471 2624 1506 2694 ΙΙ,

233 2716 307 2781 XV.
324 2717 457 2782 Peccata
470 2716 570 2798 igitur
590 2715 729 2799 expulso,
747 2714 852 2798 prima
866 2716 1029 2783 servitutis
1042 2721 1135 2806 eausa
1151 2720 1259 2800 expel-
1283 2697 1327 2753 ¹⁶·

135 2803 274 2879 tenatur,
291 2800 400 2886 quum,
419 2823 460 2870 ax
475 2805 665 2888 Augustino,
683 2806 864 2886 saevissima
876 2806 1040 2871 dominatu
1052 2812 1152 2890 vastet
1163 2808 1258 2873 corda

135 2895 327 2964 mortalium
338 2895 436 2960 iibido
445 2894 526 2982 ipsa
536 2894 719 2959 dominandi
728 2893 771 2978 d).
782 2893 917 2971 Deinde,
928 2914 988 2978 pro
1000 2900 1140 2979 peccato,
1155 2896 1273 2962 intusa·
1298 2889 1324 2960 5)
1347 2896 1390 2949 De
1418 2894 1505 2967 Cia,

133 2983 280 3048 omnium
289 2983 518 3059 charitas,hinc
526 2983 773 3060 iustitiac,iiiinc
781 2983 982 3050 obedientiae
990 2986 1129 3067 imperio
1137 2990 1258 3051 restau-
1279 2966 1351 3040 ΙΙΙΙΙι
1372 2972 1414 3025 ¹⁵·

134 3072 510 3140 ratoExCirristinutem
519 3072 818 3149 sententianinnae
826 3073 899 3139 fidei
908 3077 1004 3155 atque
1012 3075 1112 3138 amori
1121 3080 1257 3156 Aposto-

135 3160 185 3224 ius
199 3179 308 3226 curam
319 3162 566 3246 domesticorum
582 3178 689 3244 parem
704 3162 835 3228 iecerat:
850 3183 867 3223 a
881 3161 996 3243 Siquis
1008 3168 1114 3227 autem
1126 3181 1256 3228 suorum

133 3255 169 3314 et
181 3251 579 3322 maxima'domesticorum
591 3269 699 3316 curam
712 3250 895 3326 nonhabet,
908 3251 1003 3315 iidem
1015 3251 1154 3332 negavit,
1167 3256 1257 3318 etest

133 3338 257 3404 infideli
273 3340 416 3405 deterior
430 3339 475 3424 a).
492 3363 510 3403 n
527 3339 597 3407 Una
611 3340 767 3426 siquidem
782 3357 870 3418 voce,
881 3339 1137 3405 domesticorum
1153 3341 1257 3406 nomi·
1296 3341 1323 3414 dt
1339 3343 1362 3400 ti
1377 3345 1501 3403 remma.

133 3443 188 3501 ne,
202 3429 295 3492 'omni
316 3429 383 3495 iere
397 3430 519 3495 subiato
540 3428 736 3506 discrimine,
755 3429 840 3493 filios
858 3433 891 3494 et
905 3447 1012 3494 servos
1026 3430 1256 3513 complecteba-
1276 3419 1308 3493 V,
1321 3423 1349 3476 ⁸·

134 3521 200 3581 tur.
218 3518 379 3599 Explicite
394 3537 468 3584 vero
483 3518 686 3583 dominorum
702 3519 856 3583 in'servos
868 3518 1072 3603 aequitatem,
1086 3518 1180 3582 unius
1191 3520 1256 3584 Do-

132 3605 217 3668 mini
228 3606 356 3692 eiusque
368 3607 559 3674 iudiciorum
572 3607 793 3673 recordatione
803 3609 967 3672 exorabat:
983 3609 1000 3668 a
1013 3607 1156 3683 Domini,
1170 3609 1260 3690 quod·

131 3694 253 3761 iustum
267 3703 316 3763 cst
330 3702 364 3762 et
379 3705 513 3780 aequum
525 3697 624 3762 serris
637 3700 808 3780 praestate:
825 3696 960 3762 scientes
975 3697 1060 3778 quod
1075 3701 1108 3765 et
1123 3715 1177 3761 vos
1189 3696 1255 3775 Dn-

134 3783 260 3847 minum
274 3786 390 3850 notetis
405 3787 441 3850 in
456 3787 541 3851 coeto
556 3785 600 3870 7).
623 3809 640 3848 n
655 3785 760 3852 Servis
775 3792 883 3850 autem
899 3785 1127 3869 praecipiebat:
1146 3807 1163 3846 a
1181 3785 1256 3852 Ser-
1297 3795 1499 3871 montonem,

133 3872 179 3946 ei,
200 3874 327 3941 obedite
342 3891 400 3958 per
415 3875 523 3940 omnia
542 3874 683 3939 dominis
703 3874 894 3948 carnatibus,
912 3892 977 3938 non
993 3875 1032 3938 ad
1048 3875 1174 3939 oculum
1190 3893 1255 3940 sar·
1277 3873 1320 3946 ΙΙ,
1336 3873 1358 3930 l·

134 3961 270 4038 vientes,
282 3965 371 4046 quasi
384 3964 569 4029 hominihus
578 3965 749 4048 placentes,
760 3965 815 4028 sed
826 3963 860 4028 in
872 3962 1205 4044 simplicitatecordis,
1217 3965 1256 4028 ti-

133 4059 253 4116 mentes
268 4052 372 4118 Deam
385 4052 430 4138 8).
450 4077 466 4116 >s
483 4054 614 4121 Sicana
630 4054 775 4119 omnium
790 4053 939 4120 instituta
955 4049 1092 4128 familia,
1109 4057 1207 4137 atque
1220 4068 1256 4118 n·
1296 4051 1440 4128 arnan,
1452 4054 1500 4110 22.

211 4213 253 4288 (a)
274 4215 418 4274 ilorrendo
432 4218 571 4290 seruitutis
583 4217 633 4274 inni
645 4215 717 4290 qnod
734 4215 806 4287 apud
820 4221 917 4290 gentes
932 4214 1098 4288 obtinuerat,
1113 4213 1256 4286 nefandam

132 4292 238 4362 pcccati
253 4292 410 4351 servitutem
423 4293 549 4352 Christus
561 4299 590 4351 et
601 4291 723 4364 apostoli
736 4292 874 4363 aptissime
885 4297 1053 4364 comparant,
1068 4297 1203 4364 qautenus
1219 4305 1254 4348 es

133 4367 241 4438 peceati
253 4369 395 4440 mancipiis
405 4371 528 4444 ingenui
536 4371 672 4427 iustitiae
681 4366 807 4426 cultores
820 4367 907 4424 effecti
917 4367 1012 4439 simus,
1022 4382 1075 4423 non
1087 4381 1149 4423 vero
1158 4367 1192 4425 ab
1202 4366 1255 4423 hn-

132 4458 215 4498 mana
228 4442 349 4517 qnalibet
363 4450 391 4502 et
403 4445 497 4503 divina·
508 4444 568 4520 ieg'a
584 4443 676 4518 soluti,
688 4449 719 4500 ut
731 4444 827 4502 beatus
841 4442 1010 4514 blasphemet
1022 4440 1170 4516 Lutherus,
1182 4441 1256 4499 eius·

130 4533 184 4592 qne
200 4525 363 4596 sectatores,
380 4521 562 4594 expertissimi
576 4521 806 4580 insurrectionem
820 4520 953 4593 magistri,
975 4519 1105 4577 hactenus
1121 4518 1256 4591 interpre-

132 4599 238 4652 tantur.
482 4609 485 4614 ·
