3222 5282
431 343 473 407 52
875 359 969 406 nrnnn
986 357 1007 404 r.
1062 327 1063 330 ¹

386 506 608 572 rectitudinem
625 509 765 585 assurgat
781 504 834 588 (a).
851 506 911 570 llic
927 505 1010 569 vitae
1027 505 1111 577 linis,
1130 503 1190 566 hoc
1206 501 1390 567 mortalium
1407 523 1501 586 opus,

385 601 425 666 ut.
436 595 663 676 praescriptam
679 593 867 674 dignitatem
883 599 916 660 et
932 593 1119 658 felicitatem
1135 598 1329 674 assequatur.

475 684 509 746 2.
526 685 667 750 Naturae
682 682 920 754 rectitudinem,
934 681 1232 746 acmenantiainde
1245 681 1359 760 officia,
1374 700 1503 746 morum

387 773 553 853 legumque
575 773 754 836 conditores
770 789 810 836 ex
825 787 862 834 ea
879 775 1009 835 naturae
1025 777 1117 857 parte
1140 770 1350 836 dimetiantur
1364 788 1445 852 quae
1461 773 1502 834 ad

386 862 488 924 Deum
505 865 571 936 est,
582 878 694 925 serem
709 865 741 926 et
756 868 914 933 constans,
932 859 981 922 sui
997 860 1254 940 adprobationem
1272 875 1308 922 ac
1321 861 1502 939 praemium

387 948 539 1023 reterens
554 967 617 1012 non
630 949 869 1028 adqtemulentas
880 947 980 1012 animi
994 949 1041 1013 vel
1052 948 1196 1042 corporis
1208 947 1409 1032 cupiditates,
1420 965 1504 1030 quae

387 1041 532 1102 naturam
548 1043 663 1103 vexant
679 1043 711 1103 et
727 1038 905 1102 vulnerant.
1283 1057 1286 1064 ·

477 1124 510 1191 3.
524 1128 663 1192 Naturae
675 1127 845 1191 infirmitas
857 1126 1033 1198 adiuvetur,
1050 1125 1109 1190 sed'
1118 1125 1304 1214 pervicacia,
1318 1124 1429 1190 sivein
1443 1126 1503 1190 do-

386 1215 518 1280 mestica
533 1215 600 1280 sive
617 1217 650 1279 in
667 1216 755 1280 civili
771 1216 935 1288 societate,
953 1215 1177 1279 contundatur.
1192 1214 1258 1280 Nec
1271 1214 1358 1278 enim
1369 1215 1502 1279 libertas

388 1305 422 1368 iu
434 1305 554 1368 malum
565 1309 613 1368 est
624 1305 790 1386 perfectio,
805 1305 859 1369 sed
870 1303 1032 1386 corruptio
1048 1303 1216 1368 libertatis.
1227 1303 1334 1386 anue
1341 1309 1394 1369 est
1406 1303 1504 1368 liber·

388 1393 464 1457 tatis
489 1399 613 1466 natura,
631 1398 667 1457 ut
691 1388 842 1474 quantum
866 1392 900 1456 in
915 1411 978 1456 uno
1000 1393 1135 1464 excedit,
1160 1393 1321 1459 minuatur
1335 1392 1369 1456 ia
1384 1393 1500 1458 altero.

387 1482 472 1563 Ergo
489 1483 524 1545 in
539 1482 666 1546 nemine
681 1481 879 1557 excedebat·
891 1482 926 1544 in
941 1480 1087 1545 omnibus
1102 1481 1145 1546 sit
1160 1481 1297 1560 integra.
1315 1480 1377 1560 Qui
1393 1485 1502 1546 autem

388 1588 549 1635 excessum
573 1571 700 1636 cohibet
716 1570 946 1644 necxoriatur,
963 1568 1016 1633 bic
1032 1569 1180 1651 prudeus,
1197 1575 1230 1634 et
1246 1586 1373 1653 aequus,
1392 1573 1425 1634 et
1440 1569 1504 1633 mi-

386 1660 521 1724 sericors
536 1664 596 1726 est.
613 1661 696 1725 Hinc
711 1677 812 1744 neque
824 1661 861 1736 in
874 1657 1009 1732 tamttta,
1025 1671 1126 1740 neque
1141 1659 1176 1722 in
1191 1655 1333 1732 civitate',
1349 1658 1443 1722 liceat
1455 1658 1504 1722 el-

388 1748 449 1812 lari
464 1767 545 1831 quae
561 1750 734 1814 uon'liccat
750 1767 854 1830 egere:
871 1767 980 1830 quum,
999 1747 1125 1812 edictis
1149 1747 1187 1810 ad
1202 1745 1298 1820 lacta,
1320 1747 1383 1813 iter
1406 1747 1504 1811 nimis

388 1837 480 1900 lacile
503 1843 621 1919 pateat.
639 1837 844 1920 Quicumque
852 1838 939 1902 enim
954 1836 1109 1900 familiam
1120 1837 1173 1900 vel
1188 1835 1352 1917 politicam
1367 1835 1504 1902 societa-

388 1930 453 1989 tem
469 1925 601 2006 ingressi
618 1925 750 2002 luerint,
768 1944 866 2008 quum
877 1925 988 1995 banca
1003 1929 1115 1989 natura
1128 1924 1228 2006 legem
1243 1924 1450 2006 susceperint,
1465 1931 1502 1990 ut

335 2015 338 2020 '
389 2013 534 2078 libertate
547 2015 628 2078 bene
637 2019 780 2088 utantur,
794 2014 903 2078 adhoc
917 2013 1017 2078 animi
1029 2013 1122 2078 erunt
1134 2013 1305 2094 omnigena
1316 2013 1435 2080 virtute
1447 2031 1503 2078 ex-

389 2101 527 2177 colendi;
550 2103 667 2185 quique
690 2107 800 2168 contra
815 2101 961 2175 iecerint,
980 2100 1098 2182 legibus
1113 2118 1150 2168 ac
1165 2103 1288 2186 poenis,
1305 2103 1354 2167 uti
1370 2107 1502 2167 natiuae

388 2194 421 2255 et
436 2189 597 2256 societatis
613 2192 812 2265 infractores,
832 2194 925 2255 erunt
939 2189 1119 2258 cohibendi.

479 2280 842 2346 >citramontanam
854 2283 994 2346 rectores
1006 2280 1172 2358 bominum
1184 2280 1428 2362 etpopulorum,
1443 2279 1504 2344 hu-

390 2385 481 2432 mana
497 2386 584 2449 gens,
598 2369 700 2453 ,veluti
714 2370 837 2450 regium
847 2369 971 2439 ,flumen
986 2368 1050 2458 suis
1065 2369 1216 2450 stipatum
1237 2368 1414 2450 aggeribus,
1432 2369 1502 2451 pla·

391 2457 549 2522 cidissima
565 2459 652 2533 iluet,
671 2463 824 2540 quantum
839 2457 905 2522 eius
920 2456 1041 2539 patitur
1053 2462 1177 2522 natura:
1188 2475 1286 2535 secus,
1301 2456 1362 2520 sibi
1375 2457 1437 2538 ipsi
1450 2475 1501 2520 re-

390 2547 479 2619 licta,
499 2548 596 2611 veluti
620 2554 755 2622 torrens,
774 2546 914 2612 collectis
936 2546 1101 2621 imbribus,
1126 2547 1298 2613 immodica
1317 2550 1349 2611 et
1365 2545 1502 2614 insolens

393 2641 534 2718 erumpet
550 2635 600 2720 (b).

467 2797 507 2874 tol
522 2799 592 2860 llale
605 2799 688 2872 igitur
698 2800 780 2858 docet
795 2800 907 2857 lacobus
919 2801 1069 2870 Rousseau,
1085 2801 1111 2858 in
1125 2800 1275 2858 domestica
1294 2797 1455 2856 educatione
1469 2799 1502 2856 li·

389 2872 453 2928 bere
467 2875 631 2934 evolvendae
641 2892 701 2934 esse
716 2892 863 2946 puerorum
875 2878 1080 2948 propensiones,
1090 2884 1236 2950 autequam
1248 2875 1380 2947 religiosis
1394 2875 1501 2947 legibus

389 2948 573 3026 instituantur,
582 2953 636 3008 imo
647 2969 679 3008 ne
692 2952 755 3022 illis,
766 2958 828 3008 ante
839 2951 1099 3023 decimumquiutum
1110 2954 1207 3008 aetatis
1217 2950 1503 3021 annum,delleover·

364 3048 366 3053 s
389 3025 452 3078 bom
466 3027 552 3098 tieret,
575 3029 793 3098 praescripserat
808 3028 835 3082 iu
851 3015 972 3084 Emtito.
988 3027 1098 3084 Plurimi
1111 3027 1195 3097 illinc,
1213 3034 1322 3084 naturae
1337 3027 1448 3082 nimium
1470 3027 1502 3082 a·

389 3099 562 3172 dentes,'nec
577 3103 646 3159 bona
661 3119 676 3159 a
691 3103 761 3159 mala
776 3103 1058 3173 separantesqstirpes
1071 3117 1103 3158 ac
1114 3103 1217 3158 semina
1228 3104 1359 3158 virtutum
1370 3116 1457 3173 aeque
1468 3116 1503 3157 ac

389 3177 519 3234 vitiorum
531 3183 685 3236 tumescere
698 3180 799 3249 sinunt,
812 3185 894 3250 atque
908 3179 1062 3248 inexpertes
1072 3179 1174 3234 animas
1188 3179 1320 3248 inexperti
1330 3177 1503 3234 committere

393 3251 521 3325 libertati,
538 3253 677 3311 liberalem
690 3254 878 3315 educationem
893 3252 1047 3325 appellant.
1063 3252 1195 3310 Delieiosa
1209 3255 1276 3310 baec
1287 3253 1427 3324 institutio,
1439 3268 1504 3308 ccr-

390 3331 539 3397 raptatam
556 3331 663 3400 familia,
680 3331 815 3400 politicam
835 3325 990 3386 societatem
1004 3329 1072 3386 adeo
1091 3328 1270 3400 pervadebat,
1292 3336 1323 3384 ut
1337 3329 1428 3383 civitas
1443 3343 1504 3384 mu·

392 3404 453 3458 nitis
467 3407 557 3474 potius
571 3422 652 3477 qnam
669 3405 773 3476 iegibus
788 3404 908 3476 regenda
922 3403 1070 3461 videretur.
1087 3404 1153 3461 lnde
1167 3404 1278 3464 libertas
1293 3401 1378 3460 civilis
1391 3403 1506 3460 confusa

392 3487 435 3532 est
450 3495 512 3534 curn
527 3481 620 3536 eilreni
641 3481 761 3537 licentia:
779 3495 829 3534 nec
843 3480 913 3536 enim
930 3481 1023 3550 animi,
1045 3480 1194 3537 domestica
1214 3479 1358 3551 disciplina
1372 3487 1398 3534 et
1413 3478 1504 3548 patria

393 3555 553 3609 auctoritate
565 3557 606 3609 vix
620 3570 738 3628 unquam
747 3554 999 3625 instituti,‘civitatis
1011 3556 1086 3628 leges
1101 3551 1143 3612 vel
1155 3557 1267 3626 imperia
1276 3555 1390 3611 libenter
1400 3553 1501 3610 terent.

464 3627 503 3699 ,tbi
518 3629 666 3700 Corruptae
679 3637 791 3685 naturae
805 3637 833 3684 et
847 3629 978 3687 libertatis
996 3631 1129 3702 pericula,
1143 3631 1277 3687 veteribus
1288 3632 1418 3701 novisque
1430 3628 1503 3698 poli·

392 3704 453 3756 tiois
469 3703 636 3775 usqueadeo
651 3707 835 3777 innotuerant,
855 3711 896 3778 ut,
912 3707 965 3762 tino
979 3707 1066 3762 terme
1079 3721 1138 3775 ore,
1154 3706 1179 3763 in
1193 3705 1316 3777 populari
1332 3705 1504 3776 potissimum

392 3779 535 3850 regimine,
544 3782 661 3837 omnium
674 3780 824 3837 voluntates
833 3781 864 3858 in
876 3780 1040 3852 reipublicae
1055 3789 1219 3852 potestatem
1229 3779 1407 3838 conterendas
1419 3794 1503 3851 prae·

393 3856 526 3924 ciperent.
541 3857 608 3911 Nam
623 3858 659 3913 ait
673 3856 845 3914 Aristoteles:
859 3858 1002 3914 «Firmum
1017 3861 1051 3913 sit
1063 3857 1190 3914 omnib'us
1202 3873 1314 3914 necesse
1327 3864 1379 3928 est,
1395 3870 1503 3912 sesua·

392 3945 445 4000 que
460 3927 495 3985 ad
510 3930 703 4000 rempublicam
725 3932 872 4002 pertinere.
892 3954 903 3982 ιι
925 3933 1054 4003 (Polr'ttc.⁸
1070 3933 1140 4002 Vlll,
1159 3935 1195 4006 ¹·l
1212 3935 1328 4005 ipseque
1348 3933 1501 4000 Rousseau,

392 4011 545 4060 retractans
563 4007 588 4062 in
605 4009 765 4066 Contracta
777 4007 888 4066 motata
900 4023 970 4080 quae
986 4010 1011 4064 in
1025 4009 1134 4065 Emitte
1148 4008 1309 4078 tradiderat,
1325 4006 1503 4077 imperiorum

391 4081 446 4135 vim
466 4095 498 4135 ac
512 4078 727 4154 diuturnitatem,
749 4099 782 4140 ex
795 4084 1032 4140 transformatione
1053 4085 1209 4140 bominis-in
1223 4085 1319 4154 civem,
1342 4084 1393 4138 boc
1412 4087 1504 4138 estex

393 4162 505 4210 naturae
520 4157 682 4216 validissima
703 4160 905 4230 compressione
925 4158 1125 4216 dimetiebatur.
1143 4160 1233 4231 lnquit
1253 4161 1335 4215 enim:
1352 4177 1366 4207 ιι
1383 4156 1448 4213 Plus
1462 4156 1504 4212 les

391 4229 480 4286 torces
490 4230 641 4289 'naturelles
656 4242 717 4292 sont
729 4242 830 4292 mortes
841 4243 869 4292 et
880 4232 1030 4305 anianties,
1046 4234 1109 4305 plus
1124 4233 1163 4290 les
1176 4236 1300 4307 ecquises
1311 4238 1373 4289 sont
1382 4229 1504 4304 grandes

393 4310 421 4360 et
434 4304 573 4380 durables,
589 4308 649 4378 plus
662 4312 734 4367 aussi
748 4308 914 4368 t‘tnstttution
928 4315 970 4365 est
984 4307 1067 4367 soli'de
1078 4317 1106 4366 et
1120 4309 1242 4382 parlaite.
1257 4331 1270 4374 ιι,
1284 4309 1378 4383 (Cant.
1389 4309 1450 4364 Soc.
1467 4307 1501 4377 ll,

397 4377 435 4452 7.)
448 4381 506 4449 Quo
519 4384 603 4456 magis
614 4390 727 4441 naturae
741 4387 811 4442 vires
825 4391 960 4443 nwrtnae
972 4391 1040 4442 sont
1054 4392 1144 4458 etque
1157 4389 1353 4450 eattnctneeo
1363 4384 1459 4439 lortius
1473 4398 1507 4438 ac

394 4453 494 4512 diutius
509 4458 599 4530 vigent
612 4463 771 4534 acquisitae,
787 4461 896 4532 politica
910 4475 1006 4533 nempe
1015 4462 1155 4534 regimina!
1169 4461 1222 4517 Sed
1235 4458 1370 4534 quomodo
1385 4457 1465 4531 baec,
1477 4458 1505 4513 in

394 4531 547 4589 liberalibus
561 4535 686 4609 ingeniis,
694 4535 778 4593 cruda
792 4534 929 4612 tyrannis?
937 4536 1099 4607 corruptam
1113 4551 1210 4608 nempe
1224 4542 1305 4608 atque
1319 4532 1503 4592 exundantem

394 4609 569 4680 inspicientes
587 4617 720 4679 naturam,
736 4612 874 4668 bominum
894 4612 1053 4669 societatem
1068 4628 1121 4668 noa
1135 4612 1187 4670 alia
1201 4611 1308 4671 ratione
1326 4608 1504 4682 perstituram
