<?xml version="1.0" encoding="UTF-8"?>
<!DOCTYPE html PUBLIC "-//W3C//DTD XHTML 1.0 Transitional//EN"
    "http://www.w3.org/TR/xhtml1/DTD/xhtml1-transitional.dtd">
<html xmlns="http://www.w3.org/1999/xhtml" xml:lang="en" lang="en">
 <head>
  <title>
</title>
<meta http-equiv="Content-Type" content="text/html;charset=utf-8" />
  <meta name='ocr-system' content='tesseract 3.04.00' />
  <meta name='ocr-capabilities' content='ocr_page ocr_carea ocr_par ocr_line ocrx_word'/>
</head>
<body>
  <div class='ocr_page' id='page_1' title='image "./iurisnaturaeetg01audigoog_0126.png"; bbox 0 0 3224 5282; ppageno 0'>
   <div class='ocr_carea' id='block_1_1' title="bbox 560 268 1182 334">
    <p class='ocr_par' dir='ltr' id='par_1_1' title="bbox 560 268 1182 334">
     <span class='ocr_line' id='line_1_1' title="bbox 560 268 1182 334; baseline 0.003 -4"><span class='ocrx_word' id='word_1_1' title='bbox 560 283 778 334; x_wconf 82' lang='lat' dir='ltr'><strong>rrruausanu.</strong></span> <span class='ocrx_word' id='word_1_2' title='bbox 1119 268 1182 332; x_wconf 78' lang='lat'><strong>105</strong></span> 
     </span>
    </p>
   </div>
   <div class='ocr_carea' id='block_1_2' title="bbox 70 428 1229 1399">
    <p class='ocr_par' dir='ltr' id='par_1_2' title="bbox 70 428 1229 1399">
     <span class='ocr_line' id='line_1_2' title="bbox 204 428 1227 518; baseline 0 -21"><span class='ocrx_word' id='word_1_3' title='bbox 204 429 280 497; x_wconf 87' lang='lat' dir='ltr'><strong>llll.</strong></span> <span class='ocrx_word' id='word_1_4' title='bbox 299 430 418 498; x_wconf 88' lang='lat' dir='ltr'><strong>Ultima</strong></span> <span class='ocrx_word' id='word_1_5' title='bbox 434 428 512 494; x_wconf 89' lang='lat' dir='ltr'><strong>baee</strong></span> <span class='ocrx_word' id='word_1_6' title='bbox 527 429 625 518; x_wconf 85' lang='lat' dir='ltr'><strong>ueluti</strong></span> <span class='ocrx_word' id='word_1_7' title='bbox 640 429 738 505; x_wconf 84' lang='lat' dir='ltr'><strong>linea,</strong></span> <span class='ocrx_word' id='word_1_8' title='bbox 754 447 815 515; x_wconf 87' lang='lat' dir='ltr'><strong>qua</strong></span> <span class='ocrx_word' id='word_1_9' title='bbox 830 433 943 496; x_wconf 89' lang='lat' dir='ltr'><strong>natura</strong></span> <span class='ocrx_word' id='word_1_10' title='bbox 959 431 1096 508; x_wconf 84' lang='lat' dir='ltr'><strong>bumana</strong></span> <span class='ocrx_word' id='word_1_11' title='bbox 1108 433 1147 498; x_wconf 87' lang='lat' dir='ltr'><strong>ad</strong></span> <span class='ocrx_word' id='word_1_12' title='bbox 1158 450 1227 497; x_wconf 89' lang='lat' dir='ltr'><strong>mo·</strong></span> 
     </span>
     <span class='ocr_line' id='line_1_3' title="bbox 70 515 1227 606; baseline 0.003 -23"><span class='ocrx_word' id='word_1_13' title='bbox 70 597 72 600; x_wconf 17' lang='lat'>¹</span> <span class='ocrx_word' id='word_1_14' title='bbox 112 520 213 584; x_wconf 83' lang='lat' dir='ltr'><strong>nalem</strong></span> <span class='ocrx_word' id='word_1_15' title='bbox 225 519 370 584; x_wconf 89' lang='lat' dir='ltr'><strong>ordinem</strong></span> <span class='ocrx_word' id='word_1_16' title='bbox 383 516 635 588; x_wconf 82' lang='lat' dir='ltr'><strong>universim-eret</strong></span> <span class='ocrx_word' id='word_1_17' title='bbox 646 515 973 606; x_wconf 78' lang='lat' dir='ltr'><strong>instituendalllundi</strong></span> <span class='ocrx_word' id='word_1_18' title='bbox 981 519 1122 596; x_wconf 88' lang='lat' dir='ltr'><strong>moralis,</strong></span> <span class='ocrx_word' id='word_1_19' title='bbox 1133 539 1227 604; x_wconf 88' lang='lat' dir='ltr'><strong>quem</strong></span> 
     </span>
     <span class='ocr_line' id='line_1_4' title="bbox 112 607 1228 691; baseline 0.004 -20"><span class='ocrx_word' id='word_1_20' title='bbox 112 607 252 672; x_wconf 82' lang='lat' dir='ltr'>dimensi</span> <span class='ocrx_word' id='word_1_21' title='bbox 267 626 385 685; x_wconf 91' lang='lat' dir='ltr'><strong>sumus,</strong></span> <span class='ocrx_word' id='word_1_22' title='bbox 403 607 481 672; x_wconf 85' lang='lat' dir='ltr'><strong>haec</strong></span> <span class='ocrx_word' id='word_1_23' title='bbox 495 607 609 672; x_wconf 89' lang='lat' dir='ltr'><strong>ultima</strong></span> <span class='ocrx_word' id='word_1_24' title='bbox 623 608 763 691; x_wconf 78' lang='lat' dir='ltr'><strong>fastigia:</strong></span> <span class='ocrx_word' id='word_1_25' title='bbox 779 607 876 685; x_wconf 84' lang='lat' dir='ltr'><strong>ratio,</strong></span> <span class='ocrx_word' id='word_1_26' title='bbox 901 607 1079 689; x_wconf 81' lang='lat' dir='ltr'><strong>imperium.</strong></span> <span class='ocrx_word' id='word_1_27' title='bbox 1096 608 1228 676; x_wconf 83' lang='lat' dir='ltr'><strong>Rationi</strong></span> 
     </span>
     <span class='ocr_line' id='line_1_5' title="bbox 110 695 1227 780; baseline -0.001 -19"><span class='ocrx_word' id='word_1_28' title='bbox 110 697 215 762; x_wconf 89' lang='lat' dir='ltr'><strong>indita</strong></span> <span class='ocrx_word' id='word_1_29' title='bbox 236 702 308 762; x_wconf 88' lang='lat' dir='ltr'><strong>sunt</strong></span> <span class='ocrx_word' id='word_1_30' title='bbox 329 697 411 772; x_wconf 89' lang='lat' dir='ltr'><strong>iura,</strong></span> <span class='ocrx_word' id='word_1_31' title='bbox 433 695 498 760; x_wconf 87' lang='lat' dir='ltr'><strong>sive</strong></span> <span class='ocrx_word' id='word_1_32' title='bbox 513 695 652 761; x_wconf 89' lang='lat' dir='ltr'><strong>rationes</strong></span> <span class='ocrx_word' id='word_1_33' title='bbox 675 714 781 763; x_wconf 89' lang='lat' dir='ltr'><strong>rerum</strong></span> <span class='ocrx_word' id='word_1_34' title='bbox 798 696 973 778; x_wconf 78' lang='lat' dir='ltr'><strong>patefactae</strong></span> <span class='ocrx_word' id='word_1_35' title='bbox 982 703 1080 774; x_wconf 73' lang='lat' dir='ltr'><strong>sunt,</strong></span> <span class='ocrx_word' id='word_1_36' title='bbox 1098 697 1227 780; x_wconf 89' lang='lat' dir='ltr'><strong>ipsaque</strong></span> 
     </span>
     <span class='ocr_line' id='line_1_6' title="bbox 112 783 1228 878; baseline 0.004 -30"><span class='ocrx_word' id='word_1_37' title='bbox 112 783 299 866; x_wconf 83' lang='lat' dir='ltr'><strong>praecessit,</strong></span> <span class='ocrx_word' id='word_1_38' title='bbox 313 791 350 851; x_wconf 93' lang='lat' dir='ltr'><strong>ut</strong></span> <span class='ocrx_word' id='word_1_39' title='bbox 361 784 530 868; x_wconf 89' lang='lat' dir='ltr'><strong>imperium</strong></span> <span class='ocrx_word' id='word_1_40' title='bbox 545 785 639 878; x_wconf 81' lang='lat' dir='ltr'><strong>digne</strong></span> <span class='ocrx_word' id='word_1_41' title='bbox 651 789 684 851; x_wconf 87' lang='lat' dir='ltr'><strong>et</strong></span> <span class='ocrx_word' id='word_1_42' title='bbox 695 785 931 851; x_wconf 82' lang='lat' dir='ltr'><strong>rationabiliter</strong></span> <span class='ocrx_word' id='word_1_43' title='bbox 942 785 1160 869; x_wconf 69' lang='lat' dir='ltr'><strong>subsequatur.</strong></span> <span class='ocrx_word' id='word_1_44' title='bbox 1174 787 1228 852; x_wconf 92' lang='lat' dir='ltr'><strong>ln·</strong></span> 
     </span>
     <span class='ocr_line' id='line_1_7' title="bbox 110 874 1229 955; baseline 0.003 -18"><span class='ocrx_word' id='word_1_45' title='bbox 110 874 575 954; x_wconf 79' lang='lat' dir='ltr'><strong>deauctoritcsexunaparte,</strong></span> <span class='ocrx_word' id='word_1_46' title='bbox 588 875 706 938; x_wconf 83' lang='lat' dir='ltr'><strong>iunium</strong></span> <span class='ocrx_word' id='word_1_47' title='bbox 717 875 1229 955; x_wconf 70' lang='lat' dir='ltr'><strong>molemeontinenszexaliaru-</strong></span> 
     </span>
     <span class='ocr_line' id='line_1_8' title="bbox 110 961 1228 1046; baseline 0.003 -22"><span class='ocrx_word' id='word_1_48' title='bbox 110 961 264 1026; x_wconf 82' lang='lat' dir='ltr'><strong>tiouuba‘le</strong></span> <span class='ocrx_word' id='word_1_49' title='bbox 280 963 470 1043; x_wconf 77' lang='lat' dir='ltr'><strong>obsequium,</strong></span> <span class='ocrx_word' id='word_1_50' title='bbox 487 961 663 1028; x_wconf 89' lang='lat' dir='ltr'><strong>officiorum</strong></span> <span class='ocrx_word' id='word_1_51' title='bbox 677 963 831 1028; x_wconf 79' lang='lat' dir='ltr'><strong>excelsam</strong></span> <span class='ocrx_word' id='word_1_52' title='bbox 847 963 910 1029; x_wconf 85' lang='lat' dir='ltr'><strong>vim</strong></span> <span class='ocrx_word' id='word_1_53' title='bbox 923 967 956 1029; x_wconf 91' lang='lat' dir='ltr'><strong>et</strong></span> <span class='ocrx_word' id='word_1_54' title='bbox 968 964 1159 1046; x_wconf 82' lang='lat' dir='ltr'><strong>dignitatern</strong></span> <span class='ocrx_word' id='word_1_55' title='bbox 1171 980 1228 1045; x_wconf 86' lang='lat' dir='ltr'><strong>ap-</strong></span> 
     </span>
     <span class='ocr_line' id='line_1_9' title="bbox 109 1049 1228 1142; baseline 0.003 -28"><span class='ocrx_word' id='word_1_56' title='bbox 109 1051 218 1132; x_wconf 86' lang='lat' dir='ltr'><strong>prime</strong></span> <span class='ocrx_word' id='word_1_57' title='bbox 234 1049 426 1116; x_wconf 87' lang='lat' dir='ltr'><strong>discernens.</strong></span> <span class='ocrx_word' id='word_1_58' title='bbox 435 1049 635 1118; x_wconf 79' lang='lat' dir='ltr'><strong>Auctoritate</strong></span> <span class='ocrx_word' id='word_1_59' title='bbox 649 1055 682 1116; x_wconf 92' lang='lat' dir='ltr'><strong>et</strong></span> <span class='ocrx_word' id='word_1_60' title='bbox 697 1051 848 1134; x_wconf 89' lang='lat' dir='ltr'><strong>obsequio</strong></span> <span class='ocrx_word' id='word_1_61' title='bbox 859 1053 994 1117; x_wconf 81' lang='lat' dir='ltr'><strong>eircrdus</strong></span> <span class='ocrx_word' id='word_1_62' title='bbox 1005 1053 1179 1136; x_wconf 87' lang='lat' dir='ltr'><strong>perficitur,</strong></span> <span class='ocrx_word' id='word_1_63' title='bbox 1194 1057 1228 1142; x_wconf 79' lang='lat' dir='ltr'><strong>et</strong></span> 
     </span>
     <span class='ocr_line' id='line_1_10' title="bbox 111 1138 1229 1223; baseline 0.001 -21"><span class='ocrx_word' id='word_1_64' title='bbox 111 1138 249 1203; x_wconf 90' lang='lat' dir='ltr'><strong>moralis</strong></span> <span class='ocrx_word' id='word_1_65' title='bbox 260 1139 338 1203; x_wconf 92' lang='lat' dir='ltr'><strong>ordo</strong></span> <span class='ocrx_word' id='word_1_66' title='bbox 348 1143 553 1204; x_wconf 90' lang='lat' dir='ltr'><strong>restauratur.</strong></span> <span class='ocrx_word' id='word_1_67' title='bbox 564 1139 656 1208; x_wconf 88' lang='lat' dir='ltr'><strong>Nunc</strong></span> <span class='ocrx_word' id='word_1_68' title='bbox 667 1140 707 1204; x_wconf 86' lang='lat' dir='ltr'><strong>ud</strong></span> <span class='ocrx_word' id='word_1_69' title='bbox 717 1140 862 1206; x_wconf 88' lang='lat' dir='ltr'><strong>ordinem</strong></span> <span class='ocrx_word' id='word_1_70' title='bbox 878 1141 1062 1223; x_wconf 85' lang='lat' dir='ltr'><strong>praesertim</strong></span> <span class='ocrx_word' id='word_1_71' title='bbox 1078 1139 1229 1207; x_wconf 88' lang='lat' dir='ltr'><strong>materia-</strong></span> 
     </span>
     <span class='ocr_line' id='line_1_11' title="bbox 113 1227 1229 1315; baseline 0.007 -26"><span class='ocrx_word' id='word_1_72' title='bbox 113 1227 176 1290; x_wconf 89' lang='lat' dir='ltr'><strong>lem</strong></span> <span class='ocrx_word' id='word_1_73' title='bbox 192 1228 459 1308; x_wconf 87' lang='lat' dir='ltr'><strong>componendum,</strong></span> <span class='ocrx_word' id='word_1_74' title='bbox 472 1228 538 1296; x_wconf 82' lang='lat' dir='ltr'><strong>sive</strong></span> <span class='ocrx_word' id='word_1_75' title='bbox 549 1227 587 1291; x_wconf 96' lang='lat' dir='ltr'><strong>ad</strong></span> <span class='ocrx_word' id='word_1_76' title='bbox 598 1227 647 1294; x_wconf 92' lang='lat' dir='ltr'><strong>ius</strong></span> <span class='ocrx_word' id='word_1_77' title='bbox 658 1228 874 1311; x_wconf 78' lang='lat' dir='ltr'><strong>proprietatis,</strong></span> <span class='ocrx_word' id='word_1_78' title='bbox 887 1249 949 1315; x_wconf 90' lang='lat' dir='ltr'><strong>quo</strong></span> <span class='ocrx_word' id='word_1_79' title='bbox 962 1231 1067 1296; x_wconf 88' lang='lat' dir='ltr'><strong>civilia</strong></span> <span class='ocrx_word' id='word_1_80' title='bbox 1083 1230 1149 1296; x_wconf 88' lang='lat' dir='ltr'><strong>iere</strong></span> <span class='ocrx_word' id='word_1_81' title='bbox 1160 1247 1229 1297; x_wconf 88' lang='lat' dir='ltr'><strong>om-</strong></span> 
     </span>
     <span class='ocr_line' id='line_1_12' title="bbox 112 1315 788 1399; baseline 0.006 -21"><span class='ocrx_word' id='word_1_82' title='bbox 112 1316 166 1381; x_wconf 92' lang='lat' dir='ltr'><strong>nia</strong></span> <span class='ocrx_word' id='word_1_83' title='bbox 182 1315 256 1383; x_wconf 90' lang='lat' dir='ltr'><strong>iura</strong></span> <span class='ocrx_word' id='word_1_84' title='bbox 271 1315 464 1393; x_wconf 89' lang='lat' dir='ltr'><strong>innituntur,</strong></span> <span class='ocrx_word' id='word_1_85' title='bbox 478 1317 609 1399; x_wconf 77' lang='lat' dir='ltr'><strong>gradum</strong></span> <span class='ocrx_word' id='word_1_86' title='bbox 625 1318 788 1384; x_wconf 84' lang='lat' dir='ltr'><strong>iaciamus.</strong></span> 
     </span>
    </p>
   </div>
   <div class='ocr_carea' id='block_1_3' title="bbox 66 2481 1302 4661">
    <p class='ocr_par' dir='ltr' id='par_1_3' title="bbox 66 2481 1302 4661">
     <span class='ocr_line' id='line_1_13' title="bbox 109 2481 1228 2559; baseline 0.007 -19"><span class='ocrx_word' id='word_1_87' title='bbox 109 2485 134 2540; x_wconf 89' lang='lat' dir='ltr'><strong>la</strong></span> <span class='ocrx_word' id='word_1_88' title='bbox 147 2481 215 2556; x_wconf 89' lang='lat' dir='ltr'><strong>plus</strong></span> <span class='ocrx_word' id='word_1_89' title='bbox 230 2497 309 2555; x_wconf 89' lang='lat' dir='ltr'><strong>pure.</strong></span> <span class='ocrx_word' id='word_1_90' title='bbox 318 2481 366 2542; x_wconf 77' lang='lat' dir='ltr'><strong>Tel</strong></span> <span class='ocrx_word' id='word_1_91' title='bbox 376 2498 428 2557; x_wconf 87' lang='lat' dir='ltr'><strong>qna</strong></span> <span class='ocrx_word' id='word_1_92' title='bbox 438 2481 605 2558; x_wconf 79' lang='lat' dir='ltr'><strong>l’ensaignait</strong></span> <span class='ocrx_word' id='word_1_93' title='bbox 615 2499 665 2541; x_wconf 84' lang='lat' dir='ltr'><strong>sou</strong></span> <span class='ocrx_word' id='word_1_94' title='bbox 675 2481 750 2544; x_wconf 82' lang='lat' dir='ltr'><strong>divin</strong></span> <span class='ocrx_word' id='word_1_95' title='bbox 760 2489 868 2559; x_wconf 86' lang='lat' dir='ltr'><strong>auteur,</strong></span> <span class='ocrx_word' id='word_1_96' title='bbox 877 2485 896 2545; x_wconf 91' lang='lat' dir='ltr'><strong>il</strong></span> <span class='ocrx_word' id='word_1_97' title='bbox 906 2486 1092 2558; x_wconf 87' lang='lat' dir='ltr'><strong>apaisetoutes</strong></span> <span class='ocrx_word' id='word_1_98' title='bbox 1106 2486 1149 2546; x_wconf 90' lang='lat' dir='ltr'><strong>les</strong></span> <span class='ocrx_word' id='word_1_99' title='bbox 1158 2487 1228 2548; x_wconf 81' lang='lat' dir='ltr'><strong>dou·</strong></span> 
     </span>
     <span class='ocr_line' id='line_1_14' title="bbox 109 2557 1227 2638; baseline 0.008 -23"><span class='ocrx_word' id='word_1_100' title='bbox 109 2558 185 2615; x_wconf 89' lang='lat' dir='ltr'><strong>leurs</strong></span> <span class='ocrx_word' id='word_1_101' title='bbox 200 2559 237 2616; x_wconf 90' lang='lat' dir='ltr'><strong>de</strong></span> <span class='ocrx_word' id='word_1_102' title='bbox 253 2557 341 2618; x_wconf 81' lang='lat' dir='ltr'><strong>l’lme:</strong></span> <span class='ocrx_word' id='word_1_103' title='bbox 356 2559 375 2616; x_wconf 93' lang='lat' dir='ltr'><strong>il</strong></span> <span class='ocrx_word' id='word_1_104' title='bbox 389 2567 514 2632; x_wconf 87' lang='lat' dir='ltr'><strong>respecto</strong></span> <span class='ocrx_word' id='word_1_105' title='bbox 527 2568 619 2619; x_wconf 83' lang='lat' dir='ltr'><strong>toules</strong></span> <span class='ocrx_word' id='word_1_106' title='bbox 636 2560 675 2617; x_wconf 91' lang='lat' dir='ltr'><strong>les</strong></span> <span class='ocrx_word' id='word_1_107' title='bbox 689 2559 800 2618; x_wconf 86' lang='lat' dir='ltr'><strong>liberte&#39;s</strong></span> <span class='ocrx_word' id='word_1_108' title='bbox 819 2562 854 2619; x_wconf 92' lang='lat' dir='ltr'><strong>de</strong></span> <span class='ocrx_word' id='word_1_109' title='bbox 868 2561 1075 2638; x_wconf 66' lang='lat' dir='ltr'><strong>Phoebigenae,</strong></span> <span class='ocrx_word' id='word_1_110' title='bbox 1089 2581 1126 2624; x_wconf 90' lang='lat' dir='ltr'><strong>en</strong></span> <span class='ocrx_word' id='word_1_111' title='bbox 1138 2565 1165 2622; x_wconf 88' lang='lat' dir='ltr'><strong>ia</strong></span> <span class='ocrx_word' id='word_1_112' title='bbox 1177 2565 1227 2624; x_wconf 80' lang='lat' dir='ltr'><strong>de·</strong></span> 
     </span>
     <span class='ocr_line' id='line_1_15' title="bbox 109 2633 1229 2714; baseline 0.008 -25"><span class='ocrx_word' id='word_1_113' title='bbox 109 2633 211 2691; x_wconf 83' lang='lat' dir='ltr'><strong>livrant</strong></span> <span class='ocrx_word' id='word_1_114' title='bbox 226 2633 384 2699; x_wconf 78' lang='lat' dir='ltr'><strong>neanrnoins</strong></span> <span class='ocrx_word' id='word_1_115' title='bbox 396 2636 430 2694; x_wconf 91' lang='lat' dir='ltr'><strong>de</strong></span> <span class='ocrx_word' id='word_1_116' title='bbox 450 2635 600 2708; x_wconf 79' lang='lat' dir='ltr'><strong>l’angoisse</strong></span> <span class='ocrx_word' id='word_1_117' title='bbox 615 2636 653 2693; x_wconf 92' lang='lat' dir='ltr'><strong>du</strong></span> <span class='ocrx_word' id='word_1_118' title='bbox 666 2635 759 2708; x_wconf 77' lang='lat' dir='ltr'><strong>doute3</strong></span> <span class='ocrx_word' id='word_1_119' title='bbox 771 2643 799 2694; x_wconf 90' lang='lat' dir='ltr'><strong>ct</strong></span> <span class='ocrx_word' id='word_1_120' title='bbox 818 2636 915 2708; x_wconf 89' lang='lat' dir='ltr'><strong>depuis</strong></span> <span class='ocrx_word' id='word_1_121' title='bbox 933 2639 1064 2711; x_wconf 86' lang='lat' dir='ltr'><strong>la·palais</strong></span> <span class='ocrx_word' id='word_1_122' title='bbox 1076 2639 1190 2714; x_wconf 74' lang='lat' dir='ltr'><strong>jusqu’t</strong></span> <span class='ocrx_word' id='word_1_123' title='bbox 1202 2642 1229 2698; x_wconf 88' lang='lat' dir='ltr'><strong>la</strong></span> 
     </span>
     <span class='ocr_line' id='line_1_16' title="bbox 66 2708 1228 2787; baseline 0.006 -22"><span class='ocrx_word' id='word_1_124' title='bbox 66 2744 68 2754; x_wconf 39' lang='grc' dir='ltr'><strong><em>ι</em></strong></span> <span class='ocrx_word' id='word_1_125' title='bbox 108 2708 281 2778; x_wconf 80' lang='lat' dir='ltr'><strong>chaumidre,</strong></span> <span class='ocrx_word' id='word_1_126' title='bbox 296 2711 364 2767; x_wconf 89' lang='lat' dir='ltr'><strong>dans</strong></span> <span class='ocrx_word' id='word_1_127' title='bbox 378 2728 408 2768; x_wconf 91' lang='lat' dir='ltr'><strong>sa</strong></span> <span class='ocrx_word' id='word_1_128' title='bbox 421 2712 568 2787; x_wconf 78' lang='lat' dir='ltr'><strong>sympatbie</strong></span> <span class='ocrx_word' id='word_1_129' title='bbox 583 2709 739 2784; x_wconf 77' lang='lat' dir='ltr'><strong>ingenieuse</strong></span> <span class='ocrx_word' id='word_1_130' title='bbox 753 2719 782 2768; x_wconf 92' lang='lat' dir='ltr'><strong>et</strong></span> <span class='ocrx_word' id='word_1_131' title='bbox 795 2711 892 2786; x_wconf 71' lang='lat' dir='ltr'><strong>varice,</strong></span> <span class='ocrx_word' id='word_1_132' title='bbox 905 2713 923 2770; x_wconf 93' lang='lat' dir='ltr'><strong>il</strong></span> <span class='ocrx_word' id='word_1_133' title='bbox 934 2715 999 2772; x_wconf 86' lang='lat' dir='ltr'><strong>cliro</strong></span> <span class='ocrx_word' id='word_1_134' title='bbox 1012 2719 1099 2772; x_wconf 81' lang='lat' dir='ltr'><strong>itous</strong></span> <span class='ocrx_word' id='word_1_135' title='bbox 1110 2716 1150 2772; x_wconf 92' lang='lat' dir='ltr'><strong>les</strong></span> <span class='ocrx_word' id='word_1_136' title='bbox 1160 2732 1228 2773; x_wconf 89' lang='lat' dir='ltr'><strong>eon·</strong></span> 
     </span>
     <span class='ocr_line' id='line_1_17' title="bbox 109 2783 1228 2865; baseline 0.004 -23"><span class='ocrx_word' id='word_1_137' title='bbox 109 2786 242 2842; x_wconf 83' lang='lat' dir='ltr'><strong>solutions</strong></span> <span class='ocrx_word' id='word_1_138' title='bbox 256 2783 397 2843; x_wconf 83' lang='lat' dir='ltr'><strong>dontinus</strong></span> <span class='ocrx_word' id='word_1_139' title='bbox 416 2803 450 2843; x_wconf 94' lang='lat' dir='ltr'><strong>on</strong></span> <span class='ocrx_word' id='word_1_140' title='bbox 466 2787 569 2843; x_wconf 88' lang='lat' dir='ltr'><strong>besoin.</strong></span> <span class='ocrx_word' id='word_1_141' title='bbox 586 2785 760 2858; x_wconf 77' lang='lat' dir='ltr'><strong>inalterable,</strong></span> <span class='ocrx_word' id='word_1_142' title='bbox 776 2795 805 2844; x_wconf 89' lang='lat' dir='ltr'><strong>et</strong></span> <span class='ocrx_word' id='word_1_143' title='bbox 817 2789 969 2858; x_wconf 76' lang='lat' dir='ltr'><strong>dependant</strong></span> <span class='ocrx_word' id='word_1_144' title='bbox 982 2791 1097 2862; x_wconf 86' lang='lat' dir='ltr'><strong>llaxible,</strong></span> <span class='ocrx_word' id='word_1_145' title='bbox 1114 2791 1131 2847; x_wconf 90' lang='lat' dir='ltr'><strong>il</strong></span> <span class='ocrx_word' id='word_1_146' title='bbox 1145 2806 1228 2865; x_wconf 80' lang='lat' dir='ltr'><strong>grave</strong></span> 
     </span>
     <span class='ocr_line' id='line_1_18' title="bbox 107 2860 1229 2935; baseline 0.005 -18"><span class='ocrx_word' id='word_1_147' title='bbox 107 2861 177 2917; x_wconf 89' lang='lat' dir='ltr'><strong>dans</strong></span> <span class='ocrx_word' id='word_1_148' title='bbox 202 2860 247 2916; x_wconf 86' lang='lat' dir='ltr'><strong>les</strong></span> <span class='ocrx_word' id='word_1_149' title='bbox 260 2876 358 2918; x_wconf 88' lang='lat' dir='ltr'><strong>coeurs</strong></span> <span class='ocrx_word' id='word_1_150' title='bbox 371 2862 411 2919; x_wconf 89' lang='lat' dir='ltr'><strong>las</strong></span> <span class='ocrx_word' id='word_1_151' title='bbox 424 2860 522 2919; x_wconf 73' lang='lat' dir='ltr'><strong>veritis</strong></span> <span class='ocrx_word' id='word_1_152' title='bbox 535 2862 715 2935; x_wconf 87' lang='lat' dir='ltr'><strong>essentiellos,</strong></span> <span class='ocrx_word' id='word_1_153' title='bbox 730 2868 759 2920; x_wconf 90' lang='lat' dir='ltr'><strong>et</strong></span> <span class='ocrx_word' id='word_1_154' title='bbox 772 2862 789 2919; x_wconf 91' lang='lat' dir='ltr'><strong>il</strong></span> <span class='ocrx_word' id='word_1_155' title='bbox 804 2864 933 2921; x_wconf 89' lang='lat' dir='ltr'><strong>accueille</strong></span> <span class='ocrx_word' id='word_1_156' title='bbox 947 2865 987 2920; x_wconf 86' lang='lat' dir='ltr'><strong>los</strong></span> <span class='ocrx_word' id='word_1_157' title='bbox 1001 2865 1099 2923; x_wconf 86' lang='lat' dir='ltr'><strong>tribute</strong></span> <span class='ocrx_word' id='word_1_158' title='bbox 1112 2865 1161 2924; x_wconf 84' lang='lat' dir='ltr'><strong>des</strong></span> <span class='ocrx_word' id='word_1_159' title='bbox 1176 2866 1229 2923; x_wconf 78' lang='lat' dir='ltr'><strong>sid·</strong></span> 
     </span>
     <span class='ocr_line' id='line_1_19' title="bbox 108 2934 1230 3014; baseline 0.006 -22"><span class='ocrx_word' id='word_1_160' title='bbox 108 2936 167 2993; x_wconf 88' lang='lat' dir='ltr'><strong>cles</strong></span> <span class='ocrx_word' id='word_1_161' title='bbox 179 2943 212 2993; x_wconf 87' lang='lat' dir='ltr'><strong>et</strong></span> <span class='ocrx_word' id='word_1_162' title='bbox 228 2934 269 2991; x_wconf 91' lang='lat' dir='ltr'><strong>les</strong></span> <span class='ocrx_word' id='word_1_163' title='bbox 283 2937 557 3007; x_wconf 78' lang='lat' dir='ltr'><strong>perfectionnements</strong></span> <span class='ocrx_word' id='word_1_164' title='bbox 570 2937 649 3011; x_wconf 85' lang='lat' dir='ltr'><strong>qu’ils</strong></span> <span class='ocrx_word' id='word_1_165' title='bbox 664 2937 701 2995; x_wconf 91' lang='lat' dir='ltr'><strong>lui</strong></span> <span class='ocrx_word' id='word_1_166' title='bbox 714 2945 871 3009; x_wconf 76' lang='lat' dir='ltr'><strong>apportent.</strong></span> <span class='ocrx_word' id='word_1_167' title='bbox 883 2941 919 2996; x_wconf 81' lang='lat' dir='ltr'><strong>Et</strong></span> <span class='ocrx_word' id='word_1_168' title='bbox 932 2956 985 3014; x_wconf 92' lang='lat' dir='ltr'><strong>que</strong></span> <span class='ocrx_word' id='word_1_169' title='bbox 1000 2941 1040 2998; x_wconf 89' lang='lat' dir='ltr'><strong>les</strong></span> <span class='ocrx_word' id='word_1_170' title='bbox 1051 2941 1171 2999; x_wconf 86' lang='lat' dir='ltr'><strong>hommes</strong></span> <span class='ocrx_word' id='word_1_171' title='bbox 1184 2958 1230 2999; x_wconf 92' lang='lat' dir='ltr'><strong>re·</strong></span> 
     </span>
     <span class='ocr_line' id='line_1_20' title="bbox 111 3010 1229 3087; baseline 0.005 -19"><span class='ocrx_word' id='word_1_172' title='bbox 111 3012 216 3084; x_wconf 82' lang='lat' dir='ltr'><strong>ligieux</strong></span> <span class='ocrx_word' id='word_1_173' title='bbox 231 3026 267 3067; x_wconf 89' lang='lat' dir='ltr'><strong>ne</strong></span> <span class='ocrx_word' id='word_1_174' title='bbox 282 3010 436 3071; x_wconf 80' lang='lat' dir='ltr'><strong>s’oliensent</strong></span> <span class='ocrx_word' id='word_1_175' title='bbox 449 3029 497 3085; x_wconf 89' lang='lat' dir='ltr'><strong>pas</strong></span> <span class='ocrx_word' id='word_1_176' title='bbox 510 3012 544 3071; x_wconf 91' lang='lat' dir='ltr'><strong>de</strong></span> <span class='ocrx_word' id='word_1_177' title='bbox 558 3029 590 3071; x_wconf 88' lang='lat' dir='ltr'><strong>ce</strong></span> <span class='ocrx_word' id='word_1_178' title='bbox 603 3029 656 3087; x_wconf 90' lang='lat' dir='ltr'><strong>que</strong></span> <span class='ocrx_word' id='word_1_179' title='bbox 669 3029 736 3070; x_wconf 89' lang='lat' dir='ltr'><strong>nous</strong></span> <span class='ocrx_word' id='word_1_180' title='bbox 756 3014 867 3083; x_wconf 84' lang='lat' dir='ltr'><strong>parione</strong></span> <span class='ocrx_word' id='word_1_181' title='bbox 887 3015 937 3073; x_wconf 89' lang='lat' dir='ltr'><strong>des</strong></span> <span class='ocrx_word' id='word_1_182' title='bbox 955 3016 1229 3087; x_wconf 82' lang='lat' dir='ltr'><strong>perlectionnements</strong></span> 
     </span>
     <span class='ocr_line' id='line_1_21' title="bbox 109 3087 1229 3166; baseline 0.005 -23"><span class='ocrx_word' id='word_1_183' title='bbox 109 3087 146 3144; x_wconf 93' lang='lat' dir='ltr'><strong>du</strong></span> <span class='ocrx_word' id='word_1_184' title='bbox 159 3088 381 3145; x_wconf 82' lang='lat' dir='ltr'><strong>Christianismel</strong></span> <span class='ocrx_word' id='word_1_185' title='bbox 397 3093 483 3149; x_wconf 79' lang='lat' dir='ltr'><strong>Daue</strong></span> <span class='ocrx_word' id='word_1_186' title='bbox 495 3087 677 3147; x_wconf 73' lang='lat' dir='ltr'><strong>seducerem</strong></span> <span class='ocrx_word' id='word_1_187' title='bbox 688 3087 812 3158; x_wconf 85' lang='lat' dir='ltr'><strong>morule,</strong></span> <span class='ocrx_word' id='word_1_188' title='bbox 826 3087 904 3148; x_wconf 84' lang='lat' dir='ltr'><strong>dum</strong></span> <span class='ocrx_word' id='word_1_189' title='bbox 918 3107 963 3148; x_wconf 82' lang='lat' dir='ltr'><strong>ses</strong></span> <span class='ocrx_word' id='word_1_190' title='bbox 979 3093 1137 3166; x_wconf 71' lang='lat' dir='ltr'><strong>prereptos,</strong></span> <span class='ocrx_word' id='word_1_191' title='bbox 1151 3091 1229 3150; x_wconf 84' lang='lat' dir='ltr'><strong>daus</strong></span> 
     </span>
     <span class='ocr_line' id='line_1_22' title="bbox 108 3160 1229 3240; baseline 0.005 -22"><span class='ocrx_word' id='word_1_192' title='bbox 108 3168 190 3220; x_wconf 85' lang='lat' dir='ltr'><strong>toute</strong></span> <span class='ocrx_word' id='word_1_193' title='bbox 202 3162 239 3220; x_wconf 86' lang='lat' dir='ltr'><strong>ta</strong></span> <span class='ocrx_word' id='word_1_194' title='bbox 248 3163 496 3237; x_wconf 75' lang='lat' dir='ltr'><strong>portionemaude</strong></span> <span class='ocrx_word' id='word_1_195' title='bbox 506 3160 543 3220; x_wconf 91' lang='lat' dir='ltr'><strong>de</strong></span> <span class='ocrx_word' id='word_1_196' title='bbox 555 3169 730 3231; x_wconf 79' lang='lat' dir='ltr'><strong>amentem,</strong></span> <span class='ocrx_word' id='word_1_197' title='bbox 739 3162 767 3220; x_wconf 89' lang='lat' dir='ltr'><strong>le</strong></span> <span class='ocrx_word' id='word_1_198' title='bbox 776 3164 1001 3222; x_wconf 77' lang='lat' dir='ltr'><strong>Cbmsticutsme</strong></span> <span class='ocrx_word' id='word_1_199' title='bbox 1010 3167 1083 3224; x_wconf 79' lang='lat' dir='ltr'><strong>u&#39;est</strong></span> <span class='ocrx_word' id='word_1_200' title='bbox 1091 3183 1151 3240; x_wconf 82' lang='lat' dir='ltr'><strong>pus</strong></span> <span class='ocrx_word' id='word_1_201' title='bbox 1158 3182 1229 3240; x_wconf 80' lang='lat' dir='ltr'><strong>per·</strong></span> 
     </span>
     <span class='ocr_line' id='line_1_23' title="bbox 103 3237 1229 3315; baseline 0.002 -21"><span class='ocrx_word' id='word_1_202' title='bbox 103 3238 239 3311; x_wconf 87' lang='lat' dir='ltr'><strong>fectible,</strong></span> <span class='ocrx_word' id='word_1_203' title='bbox 256 3253 311 3296; x_wconf 85' lang='lat' dir='ltr'><strong>car</strong></span> <span class='ocrx_word' id='word_1_204' title='bbox 324 3237 347 3294; x_wconf 86' lang='lat' dir='ltr'><strong>il</strong></span> <span class='ocrx_word' id='word_1_205' title='bbox 359 3245 400 3296; x_wconf 88' lang='lat' dir='ltr'><strong>est</strong></span> <span class='ocrx_word' id='word_1_206' title='bbox 412 3241 530 3315; x_wconf 85' lang='lat' dir='ltr'><strong>parsait</strong></span> <span class='ocrx_word' id='word_1_207' title='bbox 546 3261 557 3291; x_wconf 77' lang='lat' dir='ltr'><strong>a</strong></span> <span class='ocrx_word' id='word_1_208' title='bbox 575 3241 583 3312; x_wconf 74' lang='lat' dir='ltr'><strong>l</strong></span> <span class='ocrx_word' id='word_1_209' title='bbox 592 3243 635 3295; x_wconf 90' lang='lat' dir='ltr'><strong>De</strong></span> <span class='ocrx_word' id='word_1_210' title='bbox 647 3238 681 3295; x_wconf 82' lang='lat' dir='ltr'><strong>lu</strong></span> <span class='ocrx_word' id='word_1_211' title='bbox 695 3238 828 3313; x_wconf 79' lang='lat' dir='ltr'><strong>Relipion</strong></span> <span class='ocrx_word' id='word_1_212' title='bbox 848 3247 915 3306; x_wconf 70' lang='lat' dir='ltr'><strong>etc..</strong></span> <span class='ocrx_word' id='word_1_213' title='bbox 931 3241 975 3296; x_wconf 81' lang='lat' dir='ltr'><strong>lia.</strong></span> <span class='ocrx_word' id='word_1_214' title='bbox 991 3241 1023 3314; x_wconf 86' lang='lat' dir='ltr'><strong>v,</strong></span> <span class='ocrx_word' id='word_1_215' title='bbox 1038 3243 1092 3298; x_wconf 66' lang='lat' dir='ltr'><strong>ch:</strong></span> <span class='ocrx_word' id='word_1_216' title='bbox 1103 3241 1146 3314; x_wconf 77' lang='lat' dir='ltr'><strong>l.)</strong></span> <span class='ocrx_word' id='word_1_217' title='bbox 1158 3243 1229 3299; x_wconf 85' lang='lat' dir='ltr'><strong>Satis</strong></span> 
     </span>
     <span class='ocr_line' id='line_1_24' title="bbox 110 3314 1230 3388; baseline 0.002 -19"><span class='ocrx_word' id='word_1_218' title='bbox 110 3329 158 3383; x_wconf 86' lang='lat' dir='ltr'><strong>pro</strong></span> <span class='ocrx_word' id='word_1_219' title='bbox 172 3314 284 3370; x_wconf 89' lang='lat' dir='ltr'><strong>bomine</strong></span> <span class='ocrx_word' id='word_1_220' title='bbox 297 3319 478 3385; x_wconf 89' lang='lat' dir='ltr'><strong>protestante:</strong></span> <span class='ocrx_word' id='word_1_221' title='bbox 494 3315 712 3372; x_wconf 80' lang='lat' dir='ltr'><strong>Christianismus</strong></span> <span class='ocrx_word' id='word_1_222' title='bbox 725 3321 806 3385; x_wconf 88' lang='lat' dir='ltr'><strong>prout</strong></span> <span class='ocrx_word' id='word_1_223' title='bbox 824 3315 961 3373; x_wconf 78' lang='lat' dir='ltr'><strong>aebristo</strong></span> <span class='ocrx_word' id='word_1_224' title='bbox 980 3317 1095 3373; x_wconf 91' lang='lat' dir='ltr'><strong>traditus</strong></span> <span class='ocrx_word' id='word_1_225' title='bbox 1108 3316 1162 3388; x_wconf 88' lang='lat' dir='ltr'><strong>est,</strong></span> <span class='ocrx_word' id='word_1_226' title='bbox 1178 3331 1230 3372; x_wconf 91' lang='lat' dir='ltr'><strong>nec</strong></span> 
     </span>
     <span class='ocr_line' id='line_1_25' title="bbox 112 3388 1231 3464; baseline 0.002 -20"><span class='ocrx_word' id='word_1_227' title='bbox 112 3389 301 3461; x_wconf 81' lang='lat' dir='ltr'><strong>perfectibilis,</strong></span> <span class='ocrx_word' id='word_1_228' title='bbox 316 3403 367 3446; x_wconf 89' lang='lat' dir='ltr'><strong>nec</strong></span> <span class='ocrx_word' id='word_1_229' title='bbox 381 3388 558 3448; x_wconf 77' lang='lat' dir='ltr'><strong>reformabilis</strong></span> <span class='ocrx_word' id='word_1_230' title='bbox 572 3396 625 3446; x_wconf 88' lang='lat' dir='ltr'><strong>est.</strong></span> <span class='ocrx_word' id='word_1_231' title='bbox 639 3391 724 3445; x_wconf 90' lang='lat' dir='ltr'><strong>lloruo</strong></span> <span class='ocrx_word' id='word_1_232' title='bbox 738 3391 795 3460; x_wconf 90' lang='lat' dir='ltr'><strong>ipse</strong></span> <span class='ocrx_word' id='word_1_233' title='bbox 809 3392 955 3461; x_wconf 85' lang='lat' dir='ltr'><strong>perficitur,</strong></span> <span class='ocrx_word' id='word_1_234' title='bbox 970 3391 1028 3446; x_wconf 89' lang='lat' dir='ltr'><strong>eius</strong></span> <span class='ocrx_word' id='word_1_235' title='bbox 1042 3392 1168 3464; x_wconf 84' lang='lat' dir='ltr'><strong>dogmata</strong></span> <span class='ocrx_word' id='word_1_236' title='bbox 1181 3407 1231 3446; x_wconf 85' lang='lat' dir='ltr'><strong>ex-</strong></span> 
     </span>
     <span class='ocr_line' id='line_1_26' title="bbox 110 3465 1231 3537; baseline 0.003 -17"><span class='ocrx_word' id='word_1_237' title='bbox 110 3465 238 3536; x_wconf 89' lang='lat' dir='ltr'><strong>quirens,</strong></span> <span class='ocrx_word' id='word_1_238' title='bbox 253 3466 405 3523; x_wconf 88' lang='lat' dir='ltr'><strong>doctrinam</strong></span> <span class='ocrx_word' id='word_1_239' title='bbox 418 3466 552 3532; x_wconf 85' lang='lat' dir='ltr'><strong>evolvens,</strong></span> <span class='ocrx_word' id='word_1_240' title='bbox 561 3465 664 3522; x_wconf 89' lang='lat' dir='ltr'><strong>cultum</strong></span> <span class='ocrx_word' id='word_1_241' title='bbox 675 3477 818 3537; x_wconf 84' lang='lat' dir='ltr'><strong>exornans,</strong></span> <span class='ocrx_word' id='word_1_242' title='bbox 826 3465 1029 3537; x_wconf 88' lang='lat' dir='ltr'><strong>disciplinarum</strong></span> <span class='ocrx_word' id='word_1_243' title='bbox 1040 3469 1231 3525; x_wconf 89' lang='lat' dir='ltr'><strong>scientiarum-</strong></span> 
     </span>
     <span class='ocr_line' id='line_1_27' title="bbox 111 3541 1230 3615; baseline 0.002 -19"><span class='ocrx_word' id='word_1_244' title='bbox 111 3555 164 3612; x_wconf 85' lang='lat' dir='ltr'><strong>que</strong></span> <span class='ocrx_word' id='word_1_245' title='bbox 178 3544 351 3599; x_wconf 88' lang='lat' dir='ltr'><strong>incrementa</strong></span> <span class='ocrx_word' id='word_1_246' title='bbox 369 3542 397 3598; x_wconf 91' lang='lat' dir='ltr'><strong>in</strong></span> <span class='ocrx_word' id='word_1_247' title='bbox 417 3541 494 3598; x_wconf 91' lang='lat' dir='ltr'><strong>illum</strong></span> <span class='ocrx_word' id='word_1_248' title='bbox 515 3541 668 3598; x_wconf 80' lang='lat' dir='ltr'><strong>conterens.</strong></span> <span class='ocrx_word' id='word_1_249' title='bbox 689 3541 807 3611; x_wconf 85' lang='lat' dir='ltr'><strong>ipsemet</strong></span> <span class='ocrx_word' id='word_1_250' title='bbox 821 3541 1055 3615; x_wconf 79' lang='lat' dir='ltr'><strong>christianismus,</strong></span> <span class='ocrx_word' id='word_1_251' title='bbox 1070 3543 1092 3599; x_wconf 91' lang='lat' dir='ltr'><strong>si</strong></span> <span class='ocrx_word' id='word_1_252' title='bbox 1111 3541 1188 3615; x_wconf 87' lang='lat' dir='ltr'><strong>velis,</strong></span> <span class='ocrx_word' id='word_1_253' title='bbox 1202 3543 1230 3598; x_wconf 89' lang='lat' dir='ltr'><strong>in</strong></span> 
     </span>
     <span class='ocr_line' id='line_1_28' title="bbox 114 3614 1231 3690; baseline 0.002 -18"><span class='ocrx_word' id='word_1_254' title='bbox 114 3623 192 3686; x_wconf 86' lang='lat' dir='ltr'><strong>parte</strong></span> <span class='ocrx_word' id='word_1_255' title='bbox 209 3633 260 3672; x_wconf 87' lang='lat' dir='ltr'><strong>sua</strong></span> <span class='ocrx_word' id='word_1_256' title='bbox 273 3623 399 3690; x_wconf 84' lang='lat' dir='ltr'><strong>externa,</strong></span> <span class='ocrx_word' id='word_1_257' title='bbox 414 3617 575 3674; x_wconf 89' lang='lat' dir='ltr'><strong>accidentali</strong></span> <span class='ocrx_word' id='word_1_258' title='bbox 588 3615 629 3672; x_wconf 88' lang='lat' dir='ltr'><strong>vel</strong></span> <span class='ocrx_word' id='word_1_259' title='bbox 644 3614 810 3687; x_wconf 88' lang='lat' dir='ltr'><strong>disciplinari</strong></span> <span class='ocrx_word' id='word_1_260' title='bbox 824 3617 989 3687; x_wconf 84' lang='lat' dir='ltr'><strong>perficietur:</strong></span> <span class='ocrx_word' id='word_1_261' title='bbox 1005 3616 1093 3689; x_wconf 90' lang='lat' dir='ltr'><strong>qualis</strong></span> <span class='ocrx_word' id='word_1_262' title='bbox 1106 3624 1200 3674; x_wconf 86' lang='lat' dir='ltr'><strong>tamen</strong></span> <span class='ocrx_word' id='word_1_263' title='bbox 1214 3634 1231 3674; x_wconf 88' lang='lat' dir='ltr'><strong>a</strong></span> 
     </span>
     <span class='ocr_line' id='line_1_29' title="bbox 112 3689 1228 3765; baseline 0.002 -19"><span class='ocrx_word' id='word_1_264' title='bbox 112 3692 224 3750; x_wconf 86' lang='lat' dir='ltr'><strong>Christo</strong></span> <span class='ocrx_word' id='word_1_265' title='bbox 236 3691 451 3749; x_wconf 81' lang='lat' dir='ltr'><strong>substantialiter</strong></span> <span class='ocrx_word' id='word_1_266' title='bbox 462 3694 663 3762; x_wconf 86' lang='lat' dir='ltr'><strong>estinstitutus,</strong></span> <span class='ocrx_word' id='word_1_267' title='bbox 674 3689 846 3764; x_wconf 86' lang='lat' dir='ltr'><strong>immutabilis</strong></span> <span class='ocrx_word' id='word_1_268' title='bbox 858 3691 1036 3763; x_wconf 88' lang='lat' dir='ltr'><strong>permanebit.</strong></span> <span class='ocrx_word' id='word_1_269' title='bbox 1045 3693 1121 3760; x_wconf 80' lang='lat' dir='ltr'><strong>Quod</strong></span> <span class='ocrx_word' id='word_1_270' title='bbox 1136 3695 1161 3750; x_wconf 89' lang='lat' dir='ltr'><strong>ui</strong></span> <span class='ocrx_word' id='word_1_271' title='bbox 1173 3694 1228 3765; x_wconf 87' lang='lat' dir='ltr'><strong>liet,</strong></span> 
     </span>
     <span class='ocr_line' id='line_1_30' title="bbox 112 3765 1231 3840; baseline 0.004 -20"><span class='ocrx_word' id='word_1_272' title='bbox 112 3781 165 3822; x_wconf 90' lang='lat' dir='ltr'><strong>uec</strong></span> <span class='ocrx_word' id='word_1_273' title='bbox 179 3785 228 3826; x_wconf 90' lang='lat' dir='ltr'><strong>res</strong></span> <span class='ocrx_word' id='word_1_274' title='bbox 242 3775 317 3825; x_wconf 83' lang='lat' dir='ltr'><strong>esset</strong></span> <span class='ocrx_word' id='word_1_275' title='bbox 329 3769 429 3840; x_wconf 82' lang='lat' dir='ltr'><strong>divina,</strong></span> <span class='ocrx_word' id='word_1_276' title='bbox 441 3782 491 3823; x_wconf 87' lang='lat' dir='ltr'><strong>nec</strong></span> <span class='ocrx_word' id='word_1_277' title='bbox 505 3775 536 3824; x_wconf 89' lang='lat' dir='ltr'><strong>ut</strong></span> <span class='ocrx_word' id='word_1_278' title='bbox 549 3765 608 3823; x_wconf 88' lang='lat' dir='ltr'><strong>talis</strong></span> <span class='ocrx_word' id='word_1_279' title='bbox 627 3765 793 3838; x_wconf 85' lang='lat' dir='ltr'><strong>censendus,</strong></span> <span class='ocrx_word' id='word_1_280' title='bbox 810 3767 832 3821; x_wconf 87' lang='lat' dir='ltr'><strong>si</strong></span> <span class='ocrx_word' id='word_1_281' title='bbox 846 3766 888 3823; x_wconf 85' lang='lat' dir='ltr'><strong>vel</strong></span> <span class='ocrx_word' id='word_1_282' title='bbox 903 3767 987 3824; x_wconf 87' lang='lat' dir='ltr'><strong>semel</strong></span> <span class='ocrx_word' id='word_1_283' title='bbox 1008 3767 1145 3825; x_wconf 89' lang='lat' dir='ltr'><strong>bominum</strong></span> <span class='ocrx_word' id='word_1_284' title='bbox 1158 3768 1231 3825; x_wconf 89' lang='lat' dir='ltr'><strong>arbi·</strong></span> 
     </span>
     <span class='ocr_line' id='line_1_31' title="bbox 112 3842 1231 3912; baseline 0.001 -16"><span class='ocrx_word' id='word_1_285' title='bbox 112 3842 166 3898; x_wconf 89' lang='lat' dir='ltr'><strong>trio</strong></span> <span class='ocrx_word' id='word_1_286' title='bbox 180 3844 373 3900; x_wconf 81' lang='lat' dir='ltr'><strong>reformandus</strong></span> <span class='ocrx_word' id='word_1_287' title='bbox 386 3842 551 3898; x_wconf 89' lang='lat' dir='ltr'><strong>traderetur.</strong></span> <span class='ocrx_word' id='word_1_288' title='bbox 567 3844 651 3910; x_wconf 84' lang='lat' dir='ltr'><strong>Quam</strong></span> <span class='ocrx_word' id='word_1_289' title='bbox 665 3842 904 3906; x_wconf 84' lang='lat' dir='ltr'><strong>immutabilitatem</strong></span> <span class='ocrx_word' id='word_1_290' title='bbox 920 3842 960 3899; x_wconf 87' lang='lat' dir='ltr'><strong>vel</strong></span> <span class='ocrx_word' id='word_1_291' title='bbox 981 3843 1030 3912; x_wconf 92' lang='lat' dir='ltr'><strong>ipsi</strong></span> <span class='ocrx_word' id='word_1_292' title='bbox 1045 3845 1231 3900; x_wconf 77' lang='lat' dir='ltr'><strong>protestantes</strong></span> 
     </span>
     <span class='ocr_line' id='line_1_32' title="bbox 111 3917 1232 3990; baseline 0.002 -18"><span class='ocrx_word' id='word_1_293' title='bbox 111 3918 257 3975; x_wconf 87' lang='lat' dir='ltr'><strong>nobiscum</strong></span> <span class='ocrx_word' id='word_1_294' title='bbox 274 3918 400 3988; x_wconf 88' lang='lat' dir='ltr'><strong>latentur,</strong></span> <span class='ocrx_word' id='word_1_295' title='bbox 422 3919 486 3974; x_wconf 89' lang='lat' dir='ltr'><strong>dum</strong></span> <span class='ocrx_word' id='word_1_296' title='bbox 505 3933 535 3973; x_wconf 90' lang='lat' dir='ltr'><strong>se</strong></span> <span class='ocrx_word' id='word_1_297' title='bbox 548 3917 741 3988; x_wconf 77' lang='lat' dir='ltr'><strong>Apostolorum</strong></span> <span class='ocrx_word' id='word_1_298' title='bbox 755 3918 796 3974; x_wconf 87' lang='lat' dir='ltr'><strong>vel</strong></span> <span class='ocrx_word' id='word_1_299' title='bbox 816 3917 981 3990; x_wconf 87' lang='lat' dir='ltr'><strong>apostolieae</strong></span> <span class='ocrx_word' id='word_1_300' title='bbox 1001 3921 1099 3976; x_wconf 86' lang='lat' dir='ltr'><strong>aetatis</strong></span> <span class='ocrx_word' id='word_1_301' title='bbox 1120 3920 1232 3990; x_wconf 73' lang='lat' dir='ltr'><strong>vestigia</strong></span> 
     </span>
     <span class='ocr_line' id='line_1_33' title="bbox 111 3992 1231 4067; baseline 0.001 -19"><span class='ocrx_word' id='word_1_302' title='bbox 111 3995 245 4066; x_wconf 89' lang='lat' dir='ltr'><strong>persequi</strong></span> <span class='ocrx_word' id='word_1_303' title='bbox 257 3992 421 4067; x_wconf 85' lang='lat' dir='ltr'><strong>gloriantur.</strong></span> <span class='ocrx_word' id='word_1_304' title='bbox 435 3995 491 4050; x_wconf 87' lang='lat' dir='ltr'><strong>Nos</strong></span> <span class='ocrx_word' id='word_1_305' title='bbox 504 3999 533 4050; x_wconf 85' lang='lat' dir='ltr'><strong>et</strong></span> <span class='ocrx_word' id='word_1_306' title='bbox 545 3994 573 4048; x_wconf 91' lang='lat' dir='ltr'><strong>in</strong></span> <span class='ocrx_word' id='word_1_307' title='bbox 585 3993 682 4050; x_wconf 90' lang='lat' dir='ltr'><strong>eadem</strong></span> <span class='ocrx_word' id='word_1_308' title='bbox 696 4008 836 4050; x_wconf 82' lang='lat' dir='ltr'><strong>versamur</strong></span> <span class='ocrx_word' id='word_1_309' title='bbox 849 3994 995 4065; x_wconf 86' lang='lat' dir='ltr'><strong>sententia,</strong></span> <span class='ocrx_word' id='word_1_310' title='bbox 1006 3994 1058 4051; x_wconf 90' lang='lat' dir='ltr'><strong>boe</strong></span> <span class='ocrx_word' id='word_1_311' title='bbox 1068 4009 1120 4050; x_wconf 89' lang='lat' dir='ltr'><strong>uuo</strong></span> <span class='ocrx_word' id='word_1_312' title='bbox 1134 3993 1231 4051; x_wconf 90' lang='lat' dir='ltr'><strong>discri-</strong></span> 
     </span>
     <span class='ocr_line' id='line_1_34' title="bbox 110 4067 1230 4142; baseline 0.001 -20"><span class='ocrx_word' id='word_1_313' title='bbox 110 4070 196 4141; x_wconf 88' lang='lat' dir='ltr'><strong>mine,</strong></span> <span class='ocrx_word' id='word_1_314' title='bbox 211 4069 287 4142; x_wconf 90' lang='lat' dir='ltr'><strong>quod</strong></span> <span class='ocrx_word' id='word_1_315' title='bbox 302 4068 390 4141; x_wconf 81' lang='lat' dir='ltr'><strong>legem</strong></span> <span class='ocrx_word' id='word_1_316' title='bbox 402 4070 536 4127; x_wconf 84' lang='lat' dir='ltr'><strong>viventem</strong></span> <span class='ocrx_word' id='word_1_317' title='bbox 550 4067 709 4126; x_wconf 87' lang='lat' dir='ltr'><strong>adhibemus</strong></span> <span class='ocrx_word' id='word_1_318' title='bbox 729 4068 882 4126; x_wconf 77' lang='lat' dir='ltr'><strong>Ecclesiam</strong></span> <span class='ocrx_word' id='word_1_319' title='bbox 896 4087 911 4127; x_wconf 92' lang='lat' dir='ltr'><strong>a</strong></span> <span class='ocrx_word' id='word_1_320' title='bbox 924 4070 1032 4125; x_wconf 82' lang='lat' dir='ltr'><strong>Christo</strong></span> <span class='ocrx_word' id='word_1_321' title='bbox 1044 4071 1230 4137; x_wconf 87' lang='lat' dir='ltr'><strong>constitutam,</strong></span> 
     </span>
     <span class='ocr_line' id='line_1_35' title="bbox 109 4145 1232 4217; baseline 0.001 -19"><span class='ocrx_word' id='word_1_322' title='bbox 109 4149 141 4198; x_wconf 91' lang='lat' dir='ltr'><strong>ut</strong></span> <span class='ocrx_word' id='word_1_323' title='bbox 156 4146 269 4202; x_wconf 87' lang='lat' dir='ltr'><strong>sincera</strong></span> <span class='ocrx_word' id='word_1_324' title='bbox 279 4151 361 4216; x_wconf 86' lang='lat' dir='ltr'><strong>atque</strong></span> <span class='ocrx_word' id='word_1_325' title='bbox 371 4147 476 4217; x_wconf 84' lang='lat' dir='ltr'><strong>integra</strong></span> <span class='ocrx_word' id='word_1_326' title='bbox 485 4145 866 4217; x_wconf 84' lang='lat' dir='ltr'><strong>assequamuerristianismi</strong></span> <span class='ocrx_word' id='word_1_327' title='bbox 877 4145 959 4213; x_wconf 89' lang='lat' dir='ltr'><strong>initia,</strong></span> <span class='ocrx_word' id='word_1_328' title='bbox 968 4145 1116 4215; x_wconf 87' lang='lat' dir='ltr'><strong>seripturis</strong></span> <span class='ocrx_word' id='word_1_329' title='bbox 1129 4151 1156 4201; x_wconf 88' lang='lat' dir='ltr'><strong>at</strong></span> <span class='ocrx_word' id='word_1_330' title='bbox 1166 4145 1232 4200; x_wconf 82' lang='lat' dir='ltr'><strong>Tra·</strong></span> 
     </span>
     <span class='ocr_line' id='line_1_36' title="bbox 110 4218 1231 4292; baseline 0.002 -18"><span class='ocrx_word' id='word_1_331' title='bbox 110 4218 263 4277; x_wconf 86' lang='lat' dir='ltr'><strong>ditionibus</strong></span> <span class='ocrx_word' id='word_1_332' title='bbox 277 4220 485 4292; x_wconf 61' lang='lat' dir='ltr'><strong>comprehensu</strong></span> <span class='ocrx_word' id='word_1_333' title='bbox 500 4222 607 4276; x_wconf 90' lang='lat' dir='ltr'><strong>interim</strong></span> <span class='ocrx_word' id='word_1_334' title='bbox 622 4235 697 4292; x_wconf 82' lang='lat' dir='ltr'><strong>vero,</strong></span> <span class='ocrx_word' id='word_1_335' title='bbox 712 4226 742 4277; x_wconf 91' lang='lat' dir='ltr'><strong>ut</strong></span> <span class='ocrx_word' id='word_1_336' title='bbox 755 4220 888 4278; x_wconf 78' lang='lat' dir='ltr'><strong>infallibili</strong></span> <span class='ocrx_word' id='word_1_337' title='bbox 903 4219 1001 4276; x_wconf 92' lang='lat' dir='ltr'><strong>iudicio</strong></span> <span class='ocrx_word' id='word_1_338' title='bbox 1011 4235 1042 4275; x_wconf 90' lang='lat' dir='ltr'><strong>ea</strong></span> <span class='ocrx_word' id='word_1_339' title='bbox 1053 4234 1231 4276; x_wconf 86' lang='lat' dir='ltr'><strong>secernamus</strong></span> 
     </span>
     <span class='ocr_line' id='line_1_37' title="bbox 109 4294 1231 4368; baseline -0.001 -18"><span class='ocrx_word' id='word_1_340' title='bbox 109 4309 182 4367; x_wconf 89' lang='lat' dir='ltr'><strong>quae</strong></span> <span class='ocrx_word' id='word_1_341' title='bbox 200 4294 380 4352; x_wconf 90' lang='lat' dir='ltr'><strong>immutabilia</strong></span> <span class='ocrx_word' id='word_1_342' title='bbox 390 4301 464 4367; x_wconf 90' lang='lat' dir='ltr'><strong>suut,</strong></span> <span class='ocrx_word' id='word_1_343' title='bbox 472 4295 506 4352; x_wconf 94' lang='lat' dir='ltr'><strong>ab</strong></span> <span class='ocrx_word' id='word_1_344' title='bbox 520 4297 551 4352; x_wconf 90' lang='lat' dir='ltr'><strong>iis</strong></span> <span class='ocrx_word' id='word_1_345' title='bbox 564 4294 632 4368; x_wconf 82' lang='lat' dir='ltr'><strong>qu‘ae</strong></span> <span class='ocrx_word' id='word_1_346' title='bbox 644 4302 708 4352; x_wconf 86' lang='lat' dir='ltr'><strong>suut</strong></span> <span class='ocrx_word' id='word_1_347' title='bbox 719 4296 872 4353; x_wconf 88' lang='lat' dir='ltr'><strong>humanitus</strong></span> <span class='ocrx_word' id='word_1_348' title='bbox 887 4294 1070 4366; x_wconf 86' lang='lat' dir='ltr'><strong>perlectibilia.</strong></span> <span class='ocrx_word' id='word_1_349' title='bbox 1079 4295 1231 4366; x_wconf 86' lang='lat' dir='ltr'><strong>Utcumque</strong></span> 
     </span>
     <span class='ocr_line' id='line_1_38' title="bbox 110 4367 1232 4444; baseline -0.001 -20"><span class='ocrx_word' id='word_1_350' title='bbox 110 4367 209 4444; x_wconf 82' lang='lat' dir='ltr'><strong>igilur,</strong></span> <span class='ocrx_word' id='word_1_351' title='bbox 230 4379 259 4428; x_wconf 89' lang='lat' dir='ltr'><strong>et</strong></span> <span class='ocrx_word' id='word_1_352' title='bbox 271 4373 362 4443; x_wconf 88' lang='lat' dir='ltr'><strong>prima</strong></span> <span class='ocrx_word' id='word_1_353' title='bbox 374 4371 508 4428; x_wconf 86' lang='lat' dir='ltr'><strong>institutio</strong></span> <span class='ocrx_word' id='word_1_354' title='bbox 521 4370 668 4444; x_wconf 85' lang='lat' dir='ltr'><strong>servanda,</strong></span> <span class='ocrx_word' id='word_1_355' title='bbox 682 4375 711 4426; x_wconf 90' lang='lat' dir='ltr'><strong>et</strong></span> <span class='ocrx_word' id='word_1_356' title='bbox 724 4371 898 4444; x_wconf 76' lang='lat' dir='ltr'><strong>magistratus</strong></span> <span class='ocrx_word' id='word_1_357' title='bbox 912 4371 1048 4443; x_wconf 82' lang='lat' dir='ltr'><strong>legitimus</strong></span> <span class='ocrx_word' id='word_1_358' title='bbox 1066 4370 1232 4427; x_wconf 87' lang='lat' dir='ltr'><strong>adhibendus</strong></span> 
     </span>
     <span class='ocr_line' id='line_1_39' title="bbox 109 4444 1302 4519; baseline 0 -20"><span class='ocrx_word' id='word_1_359' title='bbox 109 4451 140 4500; x_wconf 93' lang='lat' dir='ltr'><strong>ut</strong></span> <span class='ocrx_word' id='word_1_360' title='bbox 157 4460 233 4518; x_wconf 88' lang='lat' dir='ltr'><strong>quae</strong></span> <span class='ocrx_word' id='word_1_361' title='bbox 253 4445 328 4504; x_wconf 87' lang='lat' dir='ltr'><strong>licita</strong></span> <span class='ocrx_word' id='word_1_362' title='bbox 346 4447 532 4519; x_wconf 85' lang='lat' dir='ltr'><strong>perficiantur,</strong></span> <span class='ocrx_word' id='word_1_363' title='bbox 547 4446 777 4518; x_wconf 85' lang='lat' dir='ltr'><strong>quemadmodum</strong></span> <span class='ocrx_word' id='word_1_364' title='bbox 795 4448 886 4506; x_wconf 87' lang='lat' dir='ltr'><strong>omnia</strong></span> <span class='ocrx_word' id='word_1_365' title='bbox 906 4449 988 4507; x_wconf 85' lang='lat' dir='ltr'><strong>etiam</strong></span> <span class='ocrx_word' id='word_1_366' title='bbox 1007 4444 1102 4517; x_wconf 84' lang='lat' dir='ltr'><strong>cirilla,</strong></span> <span class='ocrx_word' id='word_1_367' title='bbox 1118 4445 1170 4502; x_wconf 87' lang='lat' dir='ltr'><strong>nisi</strong></span> <span class='ocrx_word' id='word_1_368' title='bbox 1183 4457 1232 4516; x_wconf 88' lang='lat' dir='ltr'><strong>per</strong></span> <span class='ocrx_word' id='word_1_369' title='bbox 1299 4471 1302 4476; x_wconf 93' lang='lat'>·</span> 
     </span>
     <span class='ocr_line' id='line_1_40' title="bbox 109 4521 1040 4661; baseline 0.005 -84"><span class='ocrx_word' id='word_1_370' title='bbox 109 4521 306 4598; x_wconf 74' lang='lat' dir='ltr'><strong>magistratus,</strong></span> <span class='ocrx_word' id='word_1_371' title='bbox 321 4522 424 4582; x_wconf 89' lang='lat' dir='ltr'><strong>nullam</strong></span> <span class='ocrx_word' id='word_1_372' title='bbox 439 4523 629 4595; x_wconf 80' lang='lat' dir='ltr'><strong>perlectionem</strong></span> <span class='ocrx_word' id='word_1_373' title='bbox 643 4523 790 4596; x_wconf 88' lang='lat' dir='ltr'><strong>accipiunt.</strong></span> <span class='ocrx_word' id='word_1_374' title='bbox 998 4595 1040 4661; x_wconf 54' lang='lat'><strong>14</strong></span> 
     </span>
    </p>
   </div>
   <div class='ocr_carea' id='block_1_4' title="bbox 0 0 1616 5282">
    <p class='ocr_par' dir='ltr' id='par_1_4' title="bbox 0 0 1616 5282">
     <span class='ocr_line' id='line_1_41' title="bbox 0 0 1616 5282; baseline 0 0"><span class='ocrx_word' id='word_1_375' title='bbox 0 0 1616 5282; x_wconf 95' lang='lat' dir='ltr'><strong> </strong></span> 
     </span>
    </p>
   </div>
  </div>
 </body>
</html>
