3222 5282
440 341 483 404 20
888 353 981 402 arnan
997 349 1019 402 t.

394 503 452 568 luti
468 521 486 567 e
502 503 590 568 silice
606 507 805 586 erumpentes
821 502 959 566 lucillae,
978 502 1024 564 lle
1039 499 1151 582 quibus
1162 497 1284 564 Ciceros
1300 511 1318 554 a
1331 491 1412 563 sant
1428 490 1517 562 enim

393 589 663 676 ingeniis'nostris
674 591 794 656 semina
807 591 917 670 innata
934 590 1100 666 virtutum,
1120 605 1200 669 quae
1211 587 1238 650 si
1249 586 1428 652 adolescere
1442 587 1520 650 lice·

152 685 175 758 ι)
191 682 372 758 Ταεειιι.,111.
392 687 454 757 ret,
473 679 539 766 ipsa
555 682 670 747 nos'ad
684 681 809 745 beatam
821 680 920 746 vitam
937 684 1048 742 natura
1061 676 1245 759 perduceret
1256 673 1286 759 1)
1300 699 1317 736 s
1330 673 1476 742 Dilucide
1486 690 1515 740 s.

392 770 540 848 Thomu,
559 769 897 852 utraquecomplexus:
911 767 1075 850 «Oportet
1090 765 1279 831 naturaliter
1289 764 1379 828 nobis
1391 781 1459 829 esse
1468 764 1518 829 in-

393 858 460 923 dita
470 854 714 941 sicutprineipia
724 856 972 941 speculabilium,
983 856 1030 921 ita
1043 861 1076 920 et
1084 853 1250 938 principia
1262 853 1515 936 operabilium...

394 944 1037 1031 Undeetprincipiaoperabilium,nobis
1049 940 1518 1025 naturaliterindita,nonper-

395 1035 501 1103 tinent
516 1037 554 1101 ad
567 1037 740 1117 specialem
756 1035 948 1120 potentiam,
964 1035 1019 1099 sed
1034 1033 1073 1098 ad
1088 1031 1254 1116 specialem
1269 1031 1409 1096 bobilam
1422 1037 1518 1098 natu-

187 1132 213 1204 2t
236 1135 258 1208 l,
274 1150 301 1208 q.
328 1131 372 1207 to,
394 1124 504 1199 ralem,
522 1143 617 1208 quem
631 1123 765 1190 dicimus
779 1124 974 1209 synderesim
990 1121 1034 1207 2).
1055 1143 1072 1185 a

147 1227 173 1267 ³·
195 1212 237 1268 ¹²·
484 1216 558 1282 XV.
577 1214 710 1289 Verum,
726 1214 892 1296 utriusque
907 1213 1033 1296 generis
1044 1209 1215 1293 principia,
1229 1209 1367 1275 mamma
1377 1215 1450 1294 post
1461 1211 1518 1276 ob-

395 1310 555 1370 muratum
580 1308 712 1368 naturae
731 1302 1033 1377 easuintellectum,
1050 1300 1168 1374 studio,
1187 1299 1303 1374 labore,
1328 1299 1519 1366 educatione

395 1393 564 1458 evolvenda
579 1393 773 1466 sentilam,
790 1392 925 1456 docente
936 1389 1110 1463 Leibnitio,
1124 1389 1273 1454 notiones
1283 1387 1357 1453 illae
1369 1406 1433 1453 non
1445 1407 1519 1472 per-

396 1482 542 1565 leguntur
557 1481 592 1546 in
608 1481 714 1546 anima
738 1481 835 1547 veluti
851 1480 884 1545 in
901 1485 1012 1562 aperto
1036 1478 1154 1552 libello,
1179 1477 1228 1542 vel
1251 1478 1518 1559 quemadmodum

395 1571 552 1653 praetoris
567 1569 706 1635 edictum
722 1570 839 1652 legitur
850 1569 883 1634 in
897 1570 977 1643 albo;
990 1568 1046 1633 sed
1060 1566 1218 1632 mentibus
1233 1565 1417 1632 inseruntur
1427 1567 1517 1650 quasi

394 1661 539 1726 Herculis
554 1665 670 1736 statua,
684 1677 779 1742 quam
792 1665 905 1726 natura
918 1658 1012 1723 variis
1027 1655 1196 1730 coloribus,
1206 1655 1405 1748 ,summisque
1417 1657 1518 1721 linea-

395 1751 513 1816 mentis
529 1751 561 1814 in
579 1766 735 1814 marmore
750 1748 940 1830 expresserit
954 1744 1009 1832 (a),
1022 1747 1107 1832 lacet
1119 1745 1173 1808 illa
1186 1743 1314 1825 quidem
1328 1747 1518 1811 naturaliter

396 1841 498 1904 allicta
514 1844 610 1920 atque
633 1839 756 1912 innata,
776 1837 851 1902 licet
868 1853 979 1901 manus
995 1833 1127 1900 artilicis
1144 1850 1180 1896 ac
1195 1832 1285 1897 labor
1299 1833 1338 1897 ad
1353 1833 1518 1914 expolien-

396 1927 451 1990 das
467 1925 634 1991 marmoris
649 1941 744 1989 venas
759 1925 974 2007 requirantur.
991 1922 1093 2006 lgitur
1105 1921 1251 1988 notiones
1264 1921 1438 2003 ingenitae,
1446 1936 1517 1988 saon

397 2020 466 2080 arte
482 2015 530 2079 vel
545 2013 732 2079 educatione
747 2017 907 2092 creantur,
922 2013 975 2077 sed
987 2030 1005 2076 a
1017 2016 1130 2076 natura
1143 2010 1280 2076 traditae
1296 2009 1515 2088 inveniuntur,

396 2103 572 2168 clarescunt
595 2102 779 2176 rellexione,
798 2101 964 2184 disciplina
979 2106 1012 2166 et
1028 2105 1096 2166 arte
1117 2099 1329 2183 expoliuntur,
1347 2105 1515 2181 augentur,

398 2191 702 2266 ordinanturllinc,
714 2191 789 2255 licet
800 2190 909 2255 eadem
923 2191 956 2254 ln
970 2188 1115 2255 omnibus
1126 2194 1252 2263 natura,
1262 2188 1434 2253 aliitamen
1446 2191 1518 2255 aliis

401 2283 434 2346 in
453 2281 644 2348 naturalibus
658 2278 834 2363 disciplinis
847 2284 883 2344 et
896 2279 1064 2345 virtutibus
1078 2281 1255 2361 praestant.
1265 2277 1378 2344 Nam«
1395 2278 1423 2342 si
1441 2281 1518 2344 tales

400 2387 458 2436 nos
475 2376 587 2437 natura
602 2368 759 2452 genuisset
777 2364 894 2455 (penult
908 2370 1033 2451 quidem
1043 2369 1081 2432 cb
1093 2363 1210 2453 initio),
1224 2370 1260 2431 ut
1272 2382 1342 2429 eam
1354 2366 1457 2448 ipsam
1469 2368 1519 2431 in·

400 2459 483 2526 tueri
500 2464 534 2525 et
548 2460 736 2543 perspicere,
754 2458 927 2540 eademque
942 2457 1063 2541 optima
1078 2458 1170 2532 duce,
1187 2471 1313 2520 cursum
1325 2455 1519 2522 vitaeeonfi-

399 2566 472 2614 cere
486 2565 659 2630 possemus;
677 2546 760 2612 lraud
775 2552 844 2614 erat
858 2565 933 2612 sane
947 2547 1031 2631 quod
1047 2547 1212 2628 quisquam
1233 2543 1392 2610 rationem
1408 2563 1446 2610 ac
1462 2546 1519 2610 do-

400 2637 538 2703 ctrinam
553 2637 743 2722 requireret,
760 2653 833 2700 cum
849 2640 961 2701 natura
977 2636 1143 2701 sufficeret.
1161 2634 1254 2701 Nunc
1270 2651 1344 2698 vero
1363 2629 1445 2720 (post
1459 2651 1520 2700 no-

400 2736 491 2791 taroe
507 2724 627 2812 casum)
645 2726 790 2809 parvulos
804 2725 892 2790 dedit
907 2724 1073 2805 igniculos,
1088 2742 1165 2807 quos
1180 2721 1327 2787 celeriter
1342 2723 1435 2788 malis
1449 2739 1519 2789 mo-

399 2815 500 2890 ribus,
518 2815 782 2896 opinionibusque
804 2813 980 2897 depravatis
1003 2813 1049 2879 sio
1063 2811 1297 2902 restringimus,
1313 2815 1349 2876 ut
1364 2830 1519 2896 nusquam

173 2910 199 2983 a)
210 2911 282 2983 tic,
293 2911 377 2967 Tusa
400 2904 466 2969 lere
482 2909 594 2969 natura
605 2904 742 2969 humana
754 2900 958 2986 appareat‘d).
973 2907 1149 2968 »Attamen
1161 2901 1238 2965 satis
1249 2901 1428 2983 primaevae
1440 2902 1519 2968 lucis

155 2988 202 3043 ¹¹¹·
399 2998 432 3059 et
444 2993 585 3059 iustitiae
601 2993 789 3074 permansit,
806 2997 842 3058 ut
858 3011 921 3056 non
937 2991 1117 3058 inveniatur
1133 3011 1151 3054 κ
1169 2991 1333 3075 quisquam
1348 2991 1454 3071 gentis
1468 2991 1519 3056 ul-

192 3099 223 3172 4)
258 3098 310 3170 ld,
340 3101 381 3154 ne
401 3083 460 3147 lius
475 3083 542 3165 qui,
560 3083 672 3148 ducem
688 3087 809 3156 noetus,
828 3081 867 3146 ad
882 3081 1032 3147 virtutem
1055 3081 1220 3163 pervenire
1236 3097 1299 3144 non
1315 3079 1415 3161 possit
1431 3076 1476 3160 l).
1498 3104 1516 3142 n

154 3180 221 3255 laq.
240 3177 262 3250 l,
279 3180 321 3236 lo.
401 3172 479 3252 Quis
495 3173 608 3237 melius
624 3177 755 3237 natmae
767 3172 844 3248 vim,
859 3170 988 3253 eiusque
1001 3171 1035 3235 in
1047 3169 1185 3234 deurius
1196 3168 1436 3234 conversionem
1446 3187 1518 3252 per-

400 3263 515 3328 sensit‘l
529 3261 589 3329 Sed
605 3262 643 3327 de
658 3263 718 3327 hoe
732 3265 854 3346 postea.

489 3351 695 3430 XVl.Qnum
707 3356 814 3440 autem
821 3367 857 3414 ea
866 3367 945 3431 quae
955 3347 1202 3423 naturaliasunt,
1212 3345 1237 3411 ii
1246 3365 1355 3412 omnes
1366 3345 1516 3421 habeant,

401 3439 455 3520 qui
471 3439 615 3502 eamdem
630 3444 777 3504 naturam
799 3439 927 3512 habent,
945 3438 1020 3502 hinc
1036 3437 1113 3503 adeo
1129 3435 1316 3502 natiualiter
1331 3435 1433 3502 indita
1449 3437 1518 3501 oill-

402 3526 726 3592 ciorumlineamenta
739 3525 1518 3607 legumlatoresconsulueruntexpresseruntgen-

402 3620 462 3690 tes,
477 3613 657 3697 philosophi
670 3613 826 3696 persecuti
837 3618 921 3688 sunt,
935 3618 972 3679 ut
986 3612 1021 3678 in
1034 3613 1103 3679 iura
1115 3615 1259 3696 gentium
1275 3613 1443 3680 evaserint.
1457 3614 1519 3678 Le·

403 3707 478 3786 'gum
494 3705 602 3784 itaque
618 3703 745 3778 latores,
763 3702 965 3784 philosophos
976 3708 1009 3769 et
1024 3708 1146 3785 gentes,
1163 3704 1241 3774 iuris
1253 3703 1405 3770 naturalis
1421 3707 1517 3769 testes

403 3797 497 3876 atqua
512 3791 701 3872 interpretes
716 3791 929 3859 adhibeamus.

483 3957 523 4032 to)
539 3949 686 4016 leibnitius
706 3953 804 4014 inditas
818 3955 939 4015 notiones
953 3956 1073 4032 appellat
1084 3962 1186 4019 mentis
1199 3962 1372 4040 affectiones
1385 3959 1516 4018 sire-mo·

403 4031 597 4108 dtlicottoqes,
612 4031 707 4091 iisdem
720 4032 833 4109 obiectis
846 4036 1055 4111 respondentes,
1070 4051 1140 4110 quae
1155 4038 1182 4095 in
1196 4039 1249 4096 beo
1263 4039 1392 4095 esistunt.
1406 4035 1452 4092 Ait
1465 4049 1515 4092 an-

404 4115 470 4166 tem:
489 4131 500 4161 s
517 4111 619 4168 lterum
629 4124 694 4166 vero
704 4126 720 4167 a
730 4108 807 4166 nobis
820 4115 884 4166 actu
899 4127 953 4168 non
965 4113 1145 4184 cogitatarum
1156 4113 1232 4172 ideae
1246 4119 1310 4170 sunt
1322 4113 1349 4170 iu
1362 4118 1454 4168 mente
1466 4125 1517 4167 no-

404 4190 520 4258 stra‚,ut
532 4187 619 4258 ligura
631 4184 756 4260 llerculls
770 4185 796 4241 in
809 4184 872 4242 rudi
885 4201 1021 4244 marmore
1038 4207 1064 4244 s.
1082 4186 1144 4261 (op.
1159 4193 1181 4246 t·
1196 4189 1232 4262 ll,
1249 4204 1277 4261 p.
1292 4185 1345 4262 lt).
1360 4186 1428 4244 llldri
1438 4200 1517 4243 earn·

404 4259 468 4318 dem
481 4261 581 4333 repetit
594 4260 796 4318 similitudinem
808 4259 981 4334 (Nemeaea
990 4264 1092 4322 Essots
1101 4281 1155 4322 sor
1163 4261 1301 4323 t'erateod.
1313 4264 1406 4328 barm,
1415 4261 1517 4318 Arant-

404 4335 513 4408 proposl
527 4335 646 4409 Scilicet,
662 4337 727 4394 dum
741 4333 922 4394 omnesideac
940 4341 1012 4394 ode
1025 4345 1089 4397 suut
1104 4340 1130 4398 in
1140 4340 1206 4414 ileo,
1218 4339 1312 4412 plnres
1325 4337 1430 4397 boddo
1442 4337 1517 4394 inve«

404 4413 518 4469 niuntur
531 4413 557 4468 in
571 4411 686 4470 bomine:
699 4427 769 4486 quae
783 4409 842 4468 ideo
852 4411 972 4470 esistunt
984 4413 1046 4485 quia
1059 4417 1230 4492 offertiones
1244 4421 1272 4473 et
1284 4414 1517 4490 modtfieottones

405 4495 470 4545 sunt
488 4489 585 4544 mentis
606 4495 725 4562 nostrae,
741 4495 768 4544 et
781 4484 900 4544 nondum
918 4498 1064 4562 apparent,
1079 4485 1307 4565 qnia,antequa'm
1328 4490 1426 4547 mentis
1439 4487 1517 4546 labor

406 4563 561 4636 accesserit,
584 4564 710 4622 inanimo
725 4564 896 4637 delitescunt,
912 4565 995 4624 veluti
1009 4572 1097 4625 statua
1111 4569 1138 4624 in
1152 4582 1289 4626 marmore
1302 4563 1448 4640 delineata,
1461 4579 1517 4620 non

404 4639 522 4699 creanda
534 4640 567 4698 ab
579 4641 692 4716 artifice,
708 4639 755 4698 sed
769 4639 939 4712 expolienda.
