3224 5282
426 316 490 386 ¹2⁰
840 365 844 378 .
863 339 959 394 uara
973 341 1010 394 u.

378 478 622 567 possessionibus
633 483 702 552 sine
713 485 777 554 line
788 503 975 572 congerens,
989 483 1131 553 iustiliae
1142 489 1175 552 et
1185 482 1423 552 misericordiae
1434 484 1502 552 lor·

380 589 465 638 mam
481 579 624 648 exueram
641 592 705 640 uon
720 593 795 641 vero
809 578 864 643 illa
878 576 1059 662 proprietas
1073 591 1154 662 quae
1169 575 1235 641 suis
1251 575 1432 658 prouidens,
1447 595 1502 641 su·

379 663 500 744 perllua
515 659 640 730 miseris
654 664 808 746 elargitur
818 665 872 753 (o).

469 749 630 830 Ceterum,
641 753 757 819 mirum
772 761 819 822 est
831 753 1065 823 Communistas
1079 753 1114 818 in
1124 752 1296 838 scripturis
1307 758 1341 820 et
1351 753 1503 820 Patribus

380 838 533 991 {effugium
556 840 731 927 inquirere,
757 845 903 929 aquibus
925 849 992 911 tam
1007 843 1181 909 luculenter
1201 847 1236 910 at
1250 860 1382 908 nervose
1405 842 1505 909 retel-

392 932 500 994 uutur.
667 983 670 990 ,

469 1017 562 1085 Xlll.
579 1020 630 1086 ad
643 1018 678 1086 o.
690 1021 899 1099 -Tandem
916 1039 980 1105 quo
993 1039 1087 1087 sensu
1098 1019 1253 1102 Ulpianus
1267 1021 1502 1101 possesionem

380 1103 527 1172 distinxit
542 1125 560 1172 a
576 1109 784 1196 proprietate
802 1115 835 1178 et
851 1130 908 1177 nos
923 1112 1012 1176 illam
1027 1108 1262 1192 distinguimus.
1279 1109 1396 1176 Evenit
1411 1111 1502 1176 enim

380 1192 550 1278 aliquando
561 1203 597 1263 ut
607 1199 780 1282 possidens,
789 1200 875 1267 lacto
891 1218 955 1267 non
967 1200 1037 1264 iure
1051 1197 1222 1283 possideat:
1233 1203 1267 1264 et
1278 1202 1353 1263 tuno
1365 1217 1441 1264 vere
1453 1200 1503 1265 ai·

381 1282 539 1350 firmatum
553 1287 671 1353 «Nihil
686 1305 854 1354 mmmune
869 1289 963 1355 hahet
974 1289 1155 1373 proprietas
1170 1304 1242 1352 cum
1257 1288 1501 1370 possessione.»

380 1369 655 1457 Sedquuminhac
666 1373 743 1443 iacti
754 1379 870 1461 specie,
879 1379 959 1444 nihil
969 1378 1115 1443 conterat
1124 1375 1279 1459 possessio
1290 1377 1504 1460 nisiexprae-

240 1523 245 1534 ,
381 1467 504 1545 sumptu
518 1464 727 1548 proprietate,
739 1467 910 1550 usquedum
925 1485 1016 1533 verus
1026 1465 1173 1531 domiuus
1187 1466 1382 1542 irremotum
1394 1484 1435 1530 ex
1446 1467 1505 1531 ad-

170 1522 195 1655 ἶ)
214 1521 364 1654 v'd·dT'{‘'
381 1549 474 1616 ducta
489 1552 622 1635 legatus
637 1555 843 1638 proprietatis
857 1557 1066 1622 confirmatur
1075 1553 1118 1639 1).
1132 1553 1184 1618 lus
1198 1558 1305 1619 autem
1319 1556 1502 1620 Romanum

146 1613 364 1748 mr’tptfona
382 1639 540 1722 originem
555 1645 588 1708 et
604 1643 668 1721 vim
682 1643 889 1727 proprietatis
904 1647 1049 1727 apprime
1064 1642 1235 1717 intellexit,
1249 1653 1320 1706 cum
1333 1659 1383 1706 ras
1395 1644 1504 1708 domi-

147 1756 169 1808 l.
180 1751 296 1822 uncta
307 1717 362 1806 ,102
384 1745 425 1793 no
441 1735 598 1814 expertes,
615 1732 737 1798 nullius
751 1733 965 1818 potiusquam
980 1750 1163 1800 communes
1177 1731 1357 1815 appellavit:
1374 1751 1392 1792 n
1407 1731 1503 1812 Quod

170 1826 197 1896 2)
213 1826 314 1897 instit,
328 1822 365 1882 de
383 1823 458 1884 ante
473 1820 590 1886 nullius
605 1826 665 1898 est,
682 1822 716 1886 id
732 1824 874 1888 naturali
886 1823 1014 1889 ratione
1029 1821 1197 1903 occupanti
1213 1819 1399 1885 conceditur
1414 1819 1460 1904 2).
1481 1845 1502 1886 a

148 1915 250 1959 mm
276 1899 336 1958 dlv.
354 1942 363 1975 s
471 1907 541 1974 Hoc
555 1915 589 1989 et
602 1911 760 1993 superiori
774 1911 883 1989 titulo,
901 1913 950 1978 ius
964 1911 1170 1995 proprietatis
1184 1908 1242 1974 suh
1258 1909 1396 1973 naturali
1408 1914 1443 1975 et
1454 1911 1503 1975 ci-

147 1981 177 2047 5·
195 1979 239 2035 ¹²·
383 1994 438 2150 {itii
450 2004 592 2082 respectu
603 2000 833 2086 conspeximus:
848 2019 930 2068 nunc
941 2002 1059 2068 deeius
1070 1997 1267 2068 connexione
1278 2015 1352 2062 cum
1365 1997 1435 2063 iure
1447 2017 1505 2083 po

398 2102 408 2147 ι
424 2100 486 2151 ico.

463 4053 502 4127 tel
520 4079 531 4109 u
546 4053 622 4128 Quod
637 4069 780 4130 soranam,
794 4055 856 4115 dale
869 4053 1076 4134 eleemosynam.
1092 4075 1104 4106 r
1122 4052 1196 4129 (Luc.
1213 4048 1260 4140 iil,
1278 4050 1337 4126 ⁴¹2)
1352 4065 1406 4109 non
1422 4046 1501 4139 modo

385 4133 524 4190 consilium
543 4133 730 4205 evangelicum
743 4139 795 4205 ast,
817 4134 865 4192 sod
880 4141 1064 4204 praeceptum.
1078 4132 1186 4189 'lumen
1200 4141 1299 4186 variam
1313 4129 1396 4186 hahet
1409 4127 1501 4186 lautu·

384 4208 474 4265 dinem
487 4224 519 4266 ex
533 4210 665 4266 adiunctis
678 4209 879 4282 dimetiendam,
895 4223 944 4279 pro
958 4211 1120 4278 cummuni,
1135 4207 1283 4279 adpraei,
1305 4203 1356 4275 rel¹
1365 4208 1501 4288 extrema

386 4286 572 4354 proximorum
587 4285 758 4340 necessitate.
775 4284 867 4339 ldirana
882 4289 974 4340 autem
988 4283 1030 4342 vel
1045 4281 1244 4353 simplicitatem
1264 4278 1304 4334 vel
1314 4279 1501 4350 ignorantiam

386 4360 530 4430 profitetur
540 4356 655 4431 dhreos,
668 4360 770 4430 primos
782 4359 882 4414 Christi
896 4355 1002 4432 fideles,
1014 4366 1096 4430 atque
1108 4355 1244 4413 Ecclesiae
1252 4354 1352 4424 Patres
1365 4368 1414 4424 pro
1426 4368 1503 4408 conr·

386 4434 513 4491 maaislis
527 4432 677 4490 venditans.
689 4434 788 4502 {Corsa
799 4431 833 4489 dt
845 4431 948 4491 diritto
959 4428 1341 4506 nut.‚hppendice,fitocofiu
1352 4425 1434 4484 della
1444 4430 1504 4484 sto·

386 4513 436 4566 rto
454 4508 535 4566 della
545 4503 723 4586 proprietati.
739 4509 812 4564 Adeo
827 4523 903 4566 mam
917 4505 1028 4567 laudant
1047 4506 1245 4580 philosophiam
1261 4503 1457 4576 rationalistad,
1474 4507 1501 4558 at

387 4599 560 4644 communem
575 4595 687 4642 sensam
700 4585 838 4642 amittant.
