3222 5282
423 289 467 359 to
865 309 1004 370 ainans.

381 468 511 539 vixerit
527 467 692 552 monenda,
710 468 777 537 lere
793 489 953 558 nunquam
966 469 1151 557 poenalibus
1165 469 1338 557 disciplinis
1352 487 1502 538 coercen-

381 559 432 624 da.
450 557 570 624 Contra
585 573 671 634 uero,
689 557 723 624 in
738 566 898 645 cornrpta,
915 561 998 625 bona
1010 577 1090 642 quac
1104 559 1276 642 supersint,
1289 565 1385 626 erunt
1400 577 1502 624 ama-

383 648 422 712 lis
436 647 607 729 seligenda:
625 645 679 713 llla
694 647 728 712 iu
743 648 885 726 homine,
902 647 936 714 ln
951 647 1085 724 tamilla,
1102 649 1138 714 in
1153 648 1294 727 civitate,
1309 649 1412 715 modis
1429 666 1502 713 om-
1601 635 1602 652 ²

384 735 476 802 nibus
487 736 760 888 effodiendathaec
770 743 888 816 autem,
901 737 1099 813 educatione,
1114 735 1235 820 legibus
1246 742 1279 804 at
1289 737 1400 824 poenis
1411 755 1501 802 oom-

384 841 496 909 peseen
519 841 549 890 a.

473 910 516 978 V.
534 911 634 996 Atqui
646 929 664 978 a
676 911 813 980 naturali
824 913 1017 982 rectitudine
1026 913 1145 979 dellexa
1157 919 1268 982 nutura
1279 914 1430 991 numana,
1443 915 1502 981 dc-

385 1001 511 1069 bllitata
526 1001 655 1069 estsine
670 1002 773 1085 quoad
787 1003 853 1072 veri
868 1003 1097 1088 cognitionem,
1110 1002 1176 1070 sive
1191 1004 1293 1087 quoad
1304 1004 1378 1070 boni
1390 1023 1502 1089 prose-
1601 1077 1602 1088 ,

384 1087 614 1176 cutionem(o).
1601 1127 1602 1170 ,

474 1177 533 1245 Vl.
547 1177 661 1246 Casum
671 1179 852 1262 quemdam,
861 1199 925 1266 quo
930 1185 1004 1248 -ton
1016 1186 1127 1248 natura
1137 1179 1234 1246 luerit
1239 1173 1274 1246 in
1281 1178 1419 1248 deterius
1429 1201 1502 1248 rer-

385 1285 432 1344 sa,
442 1273 594 1349 expertae
605 1273 637 1334 et
649 1268 749 1334 lassae
760 1265 835 1337 sunt
846 1276 955 1353 gentes
967 1269 1127 1351 antiquae.
1138 1268 1183 1340 Ut
1195 1271 1282 1335 euim
1297 1271 1501 1336 orientalium

387 1362 421 1424 st
430 1355 656 1425 Gnosticorum
669 1355 785 1439 placita
800 1359 840 1424 de
854 1358 985 1426 homine
998 1358 1157 1442 quondam
1171 1375 1190 1423 a
1205 1359 1278 1424 sede
1293 1359 1502 1425 beatitudinis

386 1445 529 1528 expulso,
547 1445 743 1523 omittamus3
765 1453 874 1530 gentes
890 1447 988 1533 ipsae,
1005 1445 1109 1514 Tullio
1124 1448 1296 1523 reserante,
1315 1466 1373 1512 nos
1387 1449 1429 1512 ob
1444 1450 1504 1514 ali-

386 1553 448 1621 qua
459 1536 578 1602 scelera
589 1535 776 1620 susceptain
789 1537 853 1603 vita
866 1537 1038 1622 superiore,
1047 1553 1220 1620 poenmum
1233 1536 1418 1601 luendarum
1429 1555 1504 1602 cau-

386 1643 432 1703 sa,
440 1631 531 1693 natos
539 1643 606 1691 esse
617 1626 777 1691 dixenmt.
790 1626 939 1709 idemque
949 1625 1163 1708 prosequiturr
1174 1623 1321 1691 «Verum
1329 1625 1408 1690 illud
1419 1627 1503 1709 quod

386 1721 435 1782 est
446 1715 526 1800 apud
534 1714 754 1791 Aristotelem,
764 1713 862 1780 simili
875 1733 932 1780 nos
945 1714 1075 1780 affectos
1086 1730 1153 1778 esse
1164 1713 1332 1796 supplicio,
1342 1718 1437 1796 atque
1448 1733 1503 1780 cos

386 1801 442 1886 qui
458 1804 626 1888 quondam,
641 1821 737 1887 quum
753 1802 787 1868 in
801 1804 995 1887 praedonum
1005 1803 1233 1868 Hetruscorum
1244 1798 1355 1867 manus
1370 1802 1503 1868 incidis-

385 1897 468 1968 sent,
490 1893 679 1958 crudelitate
701 1892 880 1973 excogitato
904 1892 1108 1976 necabantur,
1125 1907 1259 1973 quorum
1280 1908 1417 1976 corpora
1433 1892 1502 1970 viva

385 1997 457 2047 cum
472 1981 620 2055 mortuis,
638 1979 765 2045 adversa
780 1979 917 2046 adversis
932 1980 1148 2054 accomodata,
1159 1997 1254 2064 quam
1263 1979 1426 2063 aptissime
1437 1981 1504 2046 col·

386 2067 578 2150 ligabantur.
592 2068 644 2136 Sic
655 2071 779 2134 nostros
794 2068 916 2134 animos
931 2085 1003 2133 oum
1018 2068 1200 2152 corporibus
1214 2068 1389 2154 copulatos,
1408 2075 1445 2136 ut
1456 2071 1503 2137 vl·

185 2165 207 2240 tt
232 2165 310 2241 spuo
336 2168 364 2226 s.
386 2175 439 2225 vos
453 2175 525 2224 cum
540 2155 671 2224 mortuis
687 2173 754 2242 esse
769 2156 955 2224 coniunctos
971 2154 1014 2241 1).
1035 2157 1064 2219 ι’

139 2241 363 2318 supponeret.
476 2245 550 2314 llll.
566 2244 739 2323 Nimirum,
758 2261 830 2310 cum
845 2250 1051 2328 agnoscerent
1066 2243 1128 2322 illi,
1142 2245 1276 2312 sublleo
1291 2243 1386 2322 iusto,
1399 2246 1502 2311 nemi-

139 2409 167 2452 n.
183 2393 228 2454 ta.

140 2319 186 2376 lb·
203 2320 247 2397 Vl,
268 2335 294 2378 θ·
318 2322 362 2394 12ι
387 2353 460 2404 nem
475 2335 633 2402 insontem
650 2332 759 2415 plecti;
773 2327 932 2418 expoenis
945 2335 1058 2417 quibus
1073 2333 1254 2400 cruciantur
1268 2333 1345 2400 boni
1359 2339 1394 2400 et
1409 2335 1499 2410 mali,

387 2426 525 2493 infantes
539 2440 639 2507 aeque
654 2438 690 2486 ac
704 2423 805 2489 adulti
819 2423 880 2489 sibi
891 2424 1010 2489 inferre
1024 2439 1114 2506 posse
1124 2423 1321 2499 videbantur,
1333 2423 1456 2488 animas
1467 2424 1501 2489 in

387 2512 588 2598 praecedenti
600 2510 666 2578 vita
677 2512 825 2594 pollutas,
835 2513 869 2578 in
881 2511 1128 2579 huncmundum
1140 2510 1247 2589 deiioi,
1257 2519 1294 2577 ut
1305 2529 1424 2596 poenas
1437 2512 1502 2578 lue-

464 2675 504 2753 tc)
519 2676 549 2735 ln
563 2676 622 2750 ipso
636 2675 842 2750 disceptationis
855 2679 994 2753 ingressu,
1009 2675 1105 2736 lecturi
1124 2674 1280 2736 subicimus
1294 2674 1435 2750 sequentia
1448 2673 1500 2734 do-
1601 2667 1602 2706 Τ

386 2753 489 2813 ctrinae
508 2755 609 2828 capita,
631 2769 646 2811 a
667 2754 835 2813 Palendorlio
854 2761 995 2826 excerpta:
1013 2773 1025 2803 ι
1041 2752 1119 2812 Unda
1131 2759 1161 2810 et
1173 2751 1240 2810 illud
1260 2757 1347 2825 patet,
1368 2765 1500 2808 necessa·

386 2831 457 2888 rium
469 2843 542 2902 esse,
556 2829 628 2887 utin
641 2829 783 2901 disciplina
797 2831 864 2888 iuris
877 2828 1019 2901 naturalis,
1028 2827 1110 2885 homo
1123 2839 1197 2886 nune
1208 2826 1397 2884 consideretur
1407 2833 1499 2900 prosa

386 2907 481 2981 tpstos
495 2909 610 2962 natura
624 2911 666 2965 cst
679 2911 830 2981 sarapta,
847 2905 970 2979 adeoque
983 2909 1065 2974 prout
1078 2909 1122 2960 est
1135 2901 1233 2972 animal
1245 2900 1337 2958 multis
1347 2903 1438 2973 pravis
1449 2917 1501 2958 cu·

386 2979 523 3054 pidinibus
536 2987 659 3038 scatens.
677 3002 689 3033 ι
706 2981 762 3053 (De
774 2983 828 3057 ⁰ss·
843 2982 921 3040 tom.
937 2985 965 3038 et
979 2983 1045 3044 cio„
1061 2978 1163 3051 prael,
1177 2981 1205 3044 s.
1215 2976 1298 3050 vult.
1316 2977 1403 3035 ldem=
1423 2979 1502 3034 «At-

386 3072 440 3132 que
453 3056 522 3115 haec
534 3057 591 3128 ipsa
605 3056 690 3129 probo
702 3056 853 3130 intellecta,
862 3057 933 3112 viam
944 3054 1065 3126 pandera
1077 3060 1195 3123 possunt
1204 3053 1238 3110 ad
1251 3051 1429 3109 amovendam
1438 3068 1500 3109 earn

385 3132 590 3191 dubitationem:
606 3149 679 3192 num
692 3131 743 3190 leuc
755 3131 909 3190 natsnalts
922 3129 1040 3188 diversa
1053 3129 1153 3203 suerit
1167 3132 1198 3186 in
1213 3133 1296 3188 statu
1308 3133 1440 3200 umorue
1452 3131 1501 3186 tn·

384 3213 495 3284 teprce,
509 3224 551 3266 an
561 3223 626 3266 cero
639 3205 767 3266 eudemi
779 3207 828 3266 Ubi
844 3203 937 3280 paucis
951 3204 1111 3275 responderi
1131 3210 1231 3275 potest:
1247 3218 1354 3259 summa
1368 3203 1438 3276 legis
1452 3218 1500 3260 ca·

384 3285 441 3360 pita
452 3285 479 3340 iu
489 3291 606 3356 utroque
620 3289 694 3341 statu
708 3299 769 3341 esse
780 3283 888 3353 eadem;
901 3279 950 3338 sed
963 3279 1049 3337 multa
1064 3285 1210 3350 praecepta
1220 3277 1405 3350 particularia,
1414 3292 1500 3350 prop·

383 3363 429 3415 ter
441 3356 624 3416 diversitatem
639 3359 801 3416 conditionis
815 3358 950 3414 humanae
964 3356 1082 3425 variareq
1098 3369 1148 3410 seu
1162 3355 1263 3427 potius,
1279 3352 1405 3410 eamdem
1420 3369 1499 3410 sum·

382 3447 455 3490 mam
469 3432 538 3506 legis
557 3446 608 3503 per
621 3433 739 3504 diversa,
755 3438 914 3489 nontamen
935 3431 1075 3487 contraria
1098 3434 1255 3500 praecepta,
1272 3443 1332 3484 sese
1346 3426 1497 3500 explicare,

382 3513 464 3578 prout
477 3508 583 3564 diverso
597 3522 658 3564 sese
673 3506 855 3564 modohabuit
868 3507 960 3580 homo,
976 3505 1020 3562 cui
1036 3504 1082 3560 illa
1096 3504 1139 3560 lcx
1153 3502 1324 3564 observanda
1341 3523 1353 3554 ι
1371 3503 1408 3573 ts.
1425 3502 1498 3576 ixl.

383 3583 460 3638 llunc
474 3587 564 3638 autem
578 3580 690 3638 modum
704 3581 820 3652 explicat
834 3578 960 3652 exemplo
974 3579 1091 3636 duorum
1106 3593 1266 3650 puerorum:
1285 3599 1304 3652 q
1312 3577 1389 3635 Unus
1401 3577 1500 3635 mode·

382 3663 442 3713 stus
455 3663 508 3728 est,
524 3656 710 3726 verecundus,
725 3661 753 3713 et
767 3671 811 3712 ma
834 3672 867 3713 no
880 3655 1033 3712 litterarum
1047 3669 1142 3711 amore
1150 3655 1278 3726 flagrans:
1292 3652 1364 3709 alter
1377 3653 1499 3710 dissolu·

380 3737 436 3804 tus,
452 3730 590 3803 petulans,
604 3730 698 3788 loedas
713 3672 953 3804 potiusflbidines,
968 3746 1051 3804 quam
1066 3729 1150 3786 libros
1165 3744 1271 3785 amans.
1287 3730 1398 3786 Summa
1411 3728 1496 3785 officii

381 3807 490 3880 utrique
497 3804 603 3876 eadem,
613 3804 719 3863 litteras
729 3805 883 3865 addiscere:
893 3807 943 3865 sed
955 3804 1103 3878 peculiaria
1111 3809 1258 3875 praecepta
1268 3803 1397 3874 disparia.
1405 3804 1494 3860 Priori

380 3883 452 3939 enim
467 3880 567 3938 sullicit
580 3880 819 3956 iniunxisse,quae
830 3883 932 3953 studia,
944 3896 997 3954 quo
1008 3885 1141 3953 tempore,
1157 3892 1243 3952 quave
1257 3879 1360 3935 ratione
1371 3883 1495 3936 tractare

380 3958 488 4027 debeat3
505 3955 595 4026 alteri,
611 3962 720 4027 praeter
739 3958 819 4030 haec,
835 3958 972 4016 acerrima
985 3955 1036 4012 sub
1050 3954 1262 4012 commiuatione
1281 3952 1443 4027 natandum,
1459 3969 1494 4010 ne

380 4032 615 4101 circumcursitet,
632 4047 666 4088 nc
679 4030 739 4088 alea
753 4030 840 4105 ludat,
857 4049 892 4090 ne
905 4030 991 4089 libros
1011 4028 1124 4104 vendat,
1140 4045 1174 4087 ne
1189 4029 1215 4084 in
1230 4029 1367 4085 exercitiis
1381 4041 1496 4100 compo-

380 4109 476 4180 nendis
489 4105 578 4164 aliena
591 4105 675 4163 vitula
687 4114 758 4180 aret,
774 4121 809 4162 ne
824 4113 1033 4180 pergraecetur,
1048 4119 1082 4161 ne
1094 4113 1183 4162 seorta
1197 4107 1374 4160 consectetur
1391 4125 1403 4155 ι
1418 4103 1496 4177 tlbl.

379 4185 421 4241 En
435 4181 582 4256 quamdam
596 4182 664 4238 recti
678 4188 706 4238 et
719 4183 843 4252 corrupti
854 4182 971 4239 hominis
983 4180 1142 4253 imaginem:
1154 4178 1199 4236 lex
1210 4178 1317 4252 eadem,
1327 4177 1374 4235 sed
1380 4177 1497 4238 ,diversa

381 4257 449 4332 legis
462 4255 618 4327 applicatio.
635 4257 688 4314 Nos
702 4264 823 4314 autema
836 4255 1008 4314 Palendordo
1028 4256 1057 4312 in
1070 4269 1103 4313 eo
1117 4254 1275 4327 avertimur,
1296 4252 1369 4327 quod
1387 4251 1435 4310 ille
1449 4270 1497 4312 ao·

380 4332 551 4391 luminatum
567 4332 718 4389 tenendum
738 4336 859 4401 censeat,
875 4336 1010 4403 quatenus
1022 4329 1140 4388 naturali
1162 4328 1264 4385 ratione
1277 4327 1343 4388 illud
1361 4330 1498 4402 consequi

381 4422 537 4482 possumua3
549 4407 628 4486 nobis
638 4422 703 4465 vero
715 4406 826 4493 insidet,
834 4407 944 4478 plenam
957 4406 1055 4462 iunium
1065 4405 1267 4473 tractationem,
1279 4410 1361 4475 atque
1375 4403 1496 4461 hominis

381 4484 465 4543 civilis
479 4481 686 4557 institutionem,
701 4498 717 4539 a
731 4482 863 4554 superiori
879 4481 979 4539 lumina
992 4479 1065 4554 quod
1079 4486 1192 4537 naturae
1206 4478 1257 4549 ipsi
1267 4477 1407 4551 affulgeat,
1419 4481 1497 4536 eius·

382 4577 435 4634 que
448 4557 590 4636 originem,
604 4563 703 4618 statum
714 4564 742 4616 et
753 4559 835 4616 linem
845 4557 978 4633 declaret,
988 4569 1159 4629 nequaquam
1172 4552 1472 4624 esseabstrahendam.
