3228 5280
578 297 710 350 rinctus
726 299 784 346 xn.
1123 282 1189 366 325

114 443 244 527 quidem
261 441 443 524 principum
456 443 488 506 in
502 444 690 526 religionem
703 446 866 520 beneficia,
877 446 930 509 sed
946 447 979 510 iu
991 463 1078 511 saera
1092 445 1172 512 nihil
1185 443 1234 511 in-

115 534 162 596 ris
173 532 355 605 conferunt3
369 531 512 610 publicae
525 533 690 609 utilitates,
705 537 845 599 rationes
856 541 929 600 sunt
940 535 1233 617 quibusPontiticcs

115 616 1234 709 permoverrtur3Eecle'sieelibertasveldefensio,quamprincipesspon-

116 711 206 783 dent,
224 708 327 772 officia
344 715 416 774 sunt
429 709 467 772 ed
479 728 559 790 quae
571 711 677 778 divino
691 715 759 779 iure
773 709 936 779 tenentur.
951 713 1162 799 Undequaque
1174 716 1235 796 igi-

117 793 184 872 tu‘r,
203 814 347 862 concessa
363 797 561 879 principibus
577 800 610 863 in
627 803 719 866 rebus
732 802 1078 886 spiritualibus,·iisque
1091 805 1231 879 adnexis,

116 902 158 951 ex
175 888 240 952 sola
257 886 418 950 Ecclesiae
435 889 623 954 auctoritate
638 893 892 971 proficiscuntur.

208 975 1235 1064 XVILEsttumenobligatioutrinqueexorta,easervandiquae

117 1065 276 1147 promissa
291 1069 376 1130 sunt:
391 1071 510 1130 namet
525 1069 761 1147 spectabiliores
777 1070 934 1135 habentur
949 1070 1183 1146 contrahentes,
1202 1079 1235 1139 et

117 1156 154 1217 in
167 1154 312 1235 gentium
323 1153 421 1217 oeulis
432 1154 540 1236 positi,
556 1156 638 1220 unde
650 1158 762 1233 bonae,
774 1177 837 1223 non
850 1159 952 1222 malae
963 1159 1186 1242 improbaeque
1198 1163 1236 1224 fi·
1334 1237 1338 1245 ἡ

117 1244 171 1308 dei
183 1243 373 1310 documenta
385 1248 603 1324 expectantur.
618 1249 697 1311 Aeta
711 1247 779 1328 ipsa
791 1247 852 1311 hoc
863 1247 1091 1325 demonstrant,
1103 1249 1236 1314 interie-

118 1337 172 1398 cto
189 1333 279 1413 regio
293 1331 422 1396 nornine
435 1338 467 1397 et
478 1341 687 1400 sacramento.
702 1334 904 1402 Contrarium
916 1337 1165 1419 etfoedilragam
1177 1339 1234 1403 do-

117 1421 258 1487 ctrinam
275 1421 400 1503 regibus
415 1422 615 1487 insusurrans
626 1425 812 1498 Febronius,
827 1426 879 1489 vix
895 1425 1019 1490 auditus
1030 1426 1106 1490 fnit:
1118 1431 1236 1509 turpis·
1309 1453 1312 1458 ·

118 1511 201 1574 sima
218 1511 304 1574 enim
320 1510 515 1594 principibus
527 1517 559 1577 et
571 1513 716 1593 gentibus
732 1513 831 1579 fracta
846 1514 922 1578 fides
934 1518 967 1578 et
978 1513 1129 1597 periuria.
1144 1517 1235 1583 Unde

121 1599 327 1664 vehementer
334 1599 496 1682 obstupuit
508 1605 541 1664 et
553 1601 653 1666 doluit
666 1603 764 1677 orbis,
774 1603 839 1667 sive
850 1602 1024 1668 catholicus
1034 1604 1099 1668 sive
1108 1605 1236 1670 acatho-

5 1713 7 1752 ι
119 1688 212 1763 licus,
230 1706 327 1770 quum
343 1707 427 1753 enno
444 1688 530 1780 1859
546 1707 564 1753 a
580 1690 763 1770 quibusdam
787 1692 1057 1774 legumlatoribus,
1074 1693 1107 1755 in
1124 1694 1236 1760 ltaliae

5 1815 6 1826 κ
120 1778 249 1852 finibus,
260 1777 554 1844 nullaConcordatis
565 1779 642 1844 fides
653 1781 761 1845 babila
770 1785 829 1846 est.
840 1783 963 1848 Mutata
975 1783 1160 1862 inquiebant
1172 1789 1235 1868 sta-

5 1899 7 1930 t
120 1871 193 1932 tnta
210 1867 301 1949 regni
317 1866 577 1933 fundamentalia.
597 1869 716 1934 Verum
740 1869 849 1934 eodem
865 1870 958 1935 modo
974 1870 1088 1952 religio
1105 1871 1139 1935 in
1156 1881 1239 1938 novo

5 1979 7 1986 ’
120 1961 240 2028 statuto
254 1960 410 2022 asservata
422 1962 454 2022 et
466 1958 685 2025 commendata
697 1964 756 2023 est:
766 1959 882 2024 frustra
893 1958 993 2040 igitur
1004 1959 1237 2026 circatorem-

5 2071 8 2112 r
120 2046 195 2109 data
212 2063 328 2110 novum
338 2045 385 2109 ins
397 2065 437 2110 ex
447 2065 526 2130 puro
542 2052 680 2130 putoque
695 2047 830 2113 arbitrio
846 2049 1018 2115 inducitur.
1032 2048 1093 2117 Sed
1105 2066 1236 2132 respon-

122 2134 218 2198 deant
230 2134 453 2200 illizPotestne
466 2137 611 2219 princeps
619 2155 714 2204 novas
722 2136 937 2219 legesefferre,
948 2138 1160 2220 quaeinribus
1170 2144 1236 2204 ter·

5 2247 7 2270 τ
122 2223 170 2288 tio
182 2222 378 2299 constitutis,
397 2224 469 2289 aliis
485 2231 561 2308 puta
578 2226 775 2308 principibus
787 2227 939 2302 officiant,
955 2230 1001 2292 vel
1018 2227 1160 2308 publicos
1172 2232 1237 2292 tra·
1323 2299 1325 2307 ,

5 2343 6 2362 .
122 2316 225 2376 ctatus
240 2313 442 2377 rescindant?
456 2315 558 2395 Negat
575 2314 624 2378 ins
639 2320 772 2381 naturae
787 2320 820 2380 et
834 2315 989 2396 gentium:
1007 2317 1033 2381 si
1050 2315 1236 2397 religionem

5 2431 6 2470 t
123 2401 217 2464 addas
233 2399 437 2467 concordatis
452 2403 699 2483 praesidentem,
717 2405 896 2485 argumenti
912 2405 1012 2468 robur¹
1023 2405 1154 2471 validius
1170 2405 1236 2469 efli-

122 2492 201 2554 cies.
219 2491 279 2556 Sed
294 2491 556 2573 quemadmodum
572 2493 653 2568 iura,
668 2492 713 2558 ita
728 2492 846 2557 iurium
863 2493 1044 2558 violationes
1056 2512 1089 2558 se
1099 2495 1236 2562 invicem

124 2580 371 2658 amplectuntur.
382 2580 585 2647 statuebatur
596 2599 613 2645 a
626 2581 868 2647 Taurinensibus
880 2581 1030 2657 comitiis,
1041 2599 1124 2646 anno
1135 2579 1233 2647 tete:

5 2701 6 2710 κ
125 2689 142 2726 «
158 2667 312 2734 Gentibus
324 2669 373 2733 ius
385 2675 432 2736 est
444 2687 476 2733 se
488 2670 711 2745 constituendi3
728 2693 745 2731 »
759 2669 839 2736 idest
850 2688 940 2751 reges
952 2670 1174 2744 exauctorandi
1186 2670 1235 2735 vel

5 2791 7 2826 ε
124 2757 312 2839 expellendi.
331 2762 424 2823 Anno
441 2759 585 2840 sequenti
599 2758 796 2824 concordata
812 2760 1071 2824 dissolvebantur.
1088 2759 1171 2823 Hinc
1186 2763 1233 2824 at·
1315 2830 1319 2838 ,

125 2863 185 2928 que
201 2846 275 2910 inde
291 2847 340 2910 ius
354 2847 514 2930 publicum
531 2848 744 2930 frangebatur.
759 2849 807 2913 lta
823 2862 969 2931 praeceps
981 2849 1015 2912 in
1026 2848 1151 2911 ruinam
1163 2865 1235 2930 age-

5 2969 6 3010 ,
125 2935 217 2998 batur
235 2934 340 3000 Gallia
355 2938 395 3000 ab
410 2955 492 3001 anno
510 2935 595 3001 1789
611 2938 650 3002 ad
667 2934 765 3012 1801,
782 2955 844 3020 quo
868 2955 925 3018 per
939 2937 1175 3005 Concordaturn
1186 2938 1234 3002 di-

120 3026 215 3091 scissa
232 3027 300 3090 iura
316 3025 564 3110 reficiebantur(
584 3023 608 3107 ).
826 3041 831 3054 ’

5 3159 6 3186 1
208 3114 331 3180 xvttt.
350 3115 532 3196 Appendix.
550 3115 655 3196 Quum
670 3113 799 3181 libertas
812 3114 1081 3180 eonscientiamm
1093 3132 1133 3179 ex
1148 3133 1233 3180 sum·

118 3206 164 3270 mi
172 3203 335 3270 Pontifiois
347 3204 380 3266 in
393 3204 533 3269 docendo
545 3212 577 3269 ct
588 3202 725 3286 regendo
734 3206 811 3269 duat
821 3205 978 3278 libertate;
989 3222 1086 3286 quum
1097 3203 1149 3268 hic
1163 3205 1233 3269 nui·

118 3295 180 3359 lius
197 3293 312 3375 gentis,
329 3292 384 3356 sed
399 3294 541 3374 omnium
557 3294 599 3358 sit
613 3296 718 3357 rector
734 3298 767 3358 et
780 3298 884 3375 putem
902 3311 998 3373 quum
1013 3290 1148 3376 suspicio
1165 3292 1231 3376 ipsa

118 3381 298 3456 avertenda,
313 3399 353 3444 ne
365 3381 467 3463 gentis
479 3382 610 3447 alicuius
624 3382 672 3446 vel
688 3380 841 3464 principis
854 3385 963 3463 pareat
974 3381 1120 3466 imperio:
1135 3382 1231 3462 spiri-

118 3472 197 3537 tuali
215 3473 397 3554 temporalis
413 3471 607 3554 principatus
622 3469 746 3534 additus
758 3476 817 3546 est,
827 3475 893 3535 tam
906 3469 1006 3534 veteri
1016 3469 1226 3552 providentia,

118 3565 270 3641 tantoque
284 3561 425 3640 gentium
438 3577 602 3635 consensu,
614 3564 650 3625 ul
662 3558 742 3623 nibil
755 3561 819 3624 iam
831 3559 961 3624 certiori
974 3563 1007 3624 et
1018 3559 1229 3622 communiori
1260 3610 1283 3680 „
1298 3611 1331 3670 C,
1354 3613 1380 3669 P
1451 3616 1463 3672 ἱ

115 3649 266 3730 suffragio
290 3650 506 3720 asservandum
530 3649 683 3714 habeatur
700 3644 741 3732 1).
761 3649 795 3714 Si
812 3647 969 3729 originem
994 3646 1137 3730 aspicias,
1157 3654 1229 3728 post
1249 3686 1291 3745 d,
1322 3627 1480 3762 ,dm

117 3737 319 3805 Constantini
331 3738 513 3814 discessum,
529 3737 624 3805 veluti
632 3736 771 3805 Numine
782 3738 871 3801 illum
884 3736 1228 3820 pertrahenteltoma-
1249 3764 1478 3840 moyeoapeffla-

1249 3840 1287 3894 ris
1304 3838 1479 3896 tete-or·

196 3912 237 3987 tol
252 3915 321 3970 Dum
334 3917 425 3972 eroice
436 3914 651 3988 loquacitatem
664 3912 752 3971 solent
761 3913 872 3988 legulei,
881 3914 909 3970 in
919 3911 1130 3968 Taurinensibns
1143 3915 1227 3971 comi&
1249 3916 1282 3985 si,
1296 3912 1479 3986 detl'oriptne

119 3993 164 4047 tiis
175 3989 346 4052 Concordatu
360 3991 607 4065 perfringebantur,
623 4007 676 4047 non
689 3992 868 4048 meminerunt
881 3988 971 4060 magni
985 3987 1023 4043 illi
1034 3989 1093 4062 viri,
1105 3990 1228 4047 concor·
1247 3986 1295 4045 del
1313 3987 1444 4046 domimo
1462 4005 1478 4045 e

119 4065 246 4123 datorum
260 4066 294 4138 vi,
311 4064 429 4136 plurimu
444 4083 495 4124 non
510 4067 597 4124 solum
611 4064 759 4138 privilegia,
775 4074 806 4124 ut
819 4065 965 4123 nominatio
978 4063 1011 4120 ad
1025 4062 1152 4119 beneficia
1161 4079 1226 4120 eou-
1247 4063 1329 4121 detta
1342 4067 1477 4122 romant-

118 4138 284 4212 eistorialia,¹
292 4141 340 4198 sed
352 4143 495 4213 regionum
509 4141 690 4214 quarumdam
703 4142 779 4199 civile
790 4143 946 4212 imperium,
957 4155 990 4196 en
1001 4137 1159 4195 Pontificum
1171 4137 1227 4195 lar·
1247 4136 1282 4198 td
1293 4138 1340 4196 del
1352 4141 1386 4196 n.
1398 4141 1477 4197 Pon·

118 4218 214 4289 gitate,
229 4215 368 4274 Sabaudae
377 4217 496 4274 Coronae
507 4215 808 4274 accessisseRescissis
817 4217 916 4284 titulis,
928 4229 1016 4272 nonne
1027 4213 1168 4286 privilegia
1179 4213 1226 4271 illu
1247 4216 1340 4290 teflce.

117 4291 347 4366 dissolvebantur,
363 4308 450 4349 noune
466 4307 615 4350 concessae
629 4291 693 4348 olim
708 4291 842 4364 regiones,
852 4292 886 4349 ad
898 4291 1039 4348 Pontifices
1054 4303 1225 4374 possessores

118 4382 195 4437 suos,
212 4369 234 4424 si
247 4367 282 4424 de
298 4368 356 4425 inre
370 4374 531 4442 quaeretur,
547 4367 617 4425 illico
631 4366 860 4426 revertebantur?
878 4366 946 4436 Quid
962 4364 995 4421 ad
1008 4366 1078 4422 baec
1091 4365 1226 4435 magnifici

117 4442 156 4499 nn
170 4443 364 4575 viri,pr?'rncipis
379 4459 507 4503 coronam
522 4444 615 4502 inscite
629 4441 804 4520 expoliantes,
819 4443 884 4501 dum
898 4441 972 4500 illum
986 4439 1114 4500 tuendam
1127 4453 1226 4512 eggre-

117 4519 261 4578 utebantur
880 4543 882 4548 ·
