3238 5282
593 278 727 330 rrruuus
743 280 777 330 u.
963 324 966 332 f
1140 257 1205 327 239

230 425 289 491 lv.
307 424 375 490 lam
396 421 534 506 plurima
549 424 760 494 efferebantur
775 423 813 490 de
831 424 995 492 libertate:
1013 425 1127 508 pudica
1142 424 1245 508 virgo,

8 512 13 614 ξ’
128 531 210 598 quae
223 514 334 580 evolat
349 531 422 578 cum
437 530 470 577 se
485 514 574 579 audit
596 513 760 582 decantari
775 514 810 580 in
824 514 950 598 plateis.
968 514 1037 580 lloc
1052 513 1115 578 sibi
1136 520 1248 579 auctor

128 607 329 668 assumserat:
340 621 357 662 n
367 600 599 668 associationis
615 602 752 668 iormam
764 602 921 679 invenire,
932 601 1151 686 quaeomnivi
1162 619 1250 668 com-

8 751 11 774 ,
128 691 220 757 muni
235 707 404 774 personam
416 696 450 780 et
465 691 547 756 bona
561 691 712 774 cuiusque
723 691 803 757 socii
815 695 943 758 tueatur
957 708 994 756 ac
1008 694 1168 775 protegat:
1187 707 1249 775 qua

8 777 11 860 ζ
127 780 233 845 forma
248 778 627 861 unusquisque,omoibus
642 798 677 845 se
691 780 836 863 iungens,
852 784 959 850 tamen
971 779 1032 844 sibi
1047 779 1108 844 soli
1124 782 1247 861 pareat,

8 867 11 950 ζ
128 874 163 934 et
175 868 254 932 liber
266 871 393 933 maneat
405 885 504 950 aeque
516 884 552 933 ac
566 873 660 934 autea
670 868 743 950 1).»
761 869 854 936 Dicta
866 869 1087 942 illusionibus
1098 886 1130 933 sc
1141 869 1250 952 ionge-
1292 859 1495 955 llR⁰¹¹JbC⁰tt

8 955 10 1038 J
129 975 181 1031 rc,
201 963 229 1020 ct
243 957 302 1021 atti
316 957 376 1021 solt
385 972 516 1037 parcre,
532 959 601 1022 tum
612 965 742 1038 pactum
756 958 851 1034 inire,
870 962 904 1024 et
918 959 955 1022 in
969 957 1107 1028 libertate
1121 973 1250 1023 omncre
1267 943 1308 997 tr.
1317 937 1426 1012 ⁸⁰⁶⁸al»
1440 938 1493 1011 ¹²⁰·

129 1062 228 1126 acque
242 1062 280 1110 oc
291 1053 397 1120 anteo,
409 1043 457 1110 vel
470 1042 551 1109 nibil
566 1044 812 1127 significantem
823 1044 885 1111 hoc
895 1046 1010 1112 solum:
1020 1045 1204 1112 coniunctio
1216 1049 1250 1114 et

8 1109 10 1152 ⁵
130 1152 196 1199 non
212 1133 410 1212 coniunctio,
420 1132 555 1199 societas
565 1139 599 1199 et
611 1151 675 1198 non
688 1134 833 1210 societas,
844 1139 972 1218 pactum
984 1138 1017 1202 et
1029 1152 1093 1201 nou
1108 1138 1248 1218 pactum.

8 1237 10 1318 ὲ
130 1221 221 1288 Idem
236 1222 335 1290 totius
352 1221 427 1286 libri
441 1222 539 1288 color.
548 1221 723 1305 Imperium
737 1229 786 1290 est
801 1223 924 1308 populi,
936 1222 1155 1306 inalienabile,
1165 1222 1251 1288 indi·

8 1321 10 1392 ζ
130 1310 267 1377 visibile.
285 1311 352 1379 Lex
366 1315 415 1377 est
430 1310 577 1376 uoluntas
588 1311 791 1390 universatis,
800 1311 965 1395 explicita,
975 1311 1164 1378 infallibilis:
1177 1329 1251 1378 exe·

8 1399 9 1476 Ϊ
130 1403 257 1465 cutores
281 1399 456 1482 principes,
473 1400 529 1482 qui
545 1399 702 1465 levissima
716 1400 758 1466 dc
772 1417 863 1468 causa
883 1400 1076 1481 deliciantur
1094 1417 1131 1466 ac
1145 1417 1251 1466 remo·

8 1485 10 1568 ξ
131 1487 466 1570 ventur.Regiminum
482 1487 747 1565 formae,summo
760 1490 842 1566 iure,
852 1488 1251 1571 impossibilesuemocra-

8 1573 9 1602 ³
133 1576 180 1642 tia
202 1595 363 1658 nunquam
378 1576 500 1652 extitit,
518 1594 619 1657 neque
642 1583 758 1660 posset;
776 1577 879 1644 forma
895 1584 943 1644 est
958 1577 1078 1650 divina,
1094 1575 1171 1641 solis
1184 1576 1252 1644 bbu-

8 1687 9 1694 ¹
135 1664 288 1740 minibus,
306 1664 388 1730 idest
402 1664 642 1747 perfectissimis
656 1671 838 1748 competens
853 1663 898 1750 2).
914 1664 1101 1734 Monarchia
1113 1663 1251 1750 hincty-
1290 1657 1317 1727 ²l
1334 1659 1372 1716 lb.
1383 1661 1432 1738 ΠΙ,
1448 1665 1475 1719 ⁴·

133 1753 303 1818 rannidem
317 1752 430 1827 iniert,
447 1753 538 1818 illinc
553 1754 739 1819 servitutem
755 1751 798 1840 3).
812 1753 955 1822 Electiva
968 1754 1066 1821 etiam
1076 1752 1251 1820 ,aristocra-
1290 1756 1318 1832 ³)
1334 1758 1372 1816 lb.
1385 1759 1433 1834 lll,
1449 1761 1477 1818 e.

132 1842 194 1916 tia,
211 1840 340 1924 ipsaque
354 1840 578 1932 delegatione}
593 1841 764 1908 nationalis
787 1843 1051 1927 repraesentatio,
1069 1842 1174 1907 minus
1189 1841 1253 1906 ini-

132 1947 208 2014 qua,
218 1929 272 1994 sed
284 1934 391 1996 tamen
404 1928 727 2013 impossibilis,quum
739 1930 1074 2015 summumimperium
1088 1930 1131 1996 sit
1146 1929 1181 1994 in
1193 1949 1253 2013 po·

130 2019 219 2102 pulo,
238 2023 310 2084 actu
321 2019 543 2094 exercendum,
553 2019 768 2095 inalienabile,
784 2038 841 2085 nec
856 2020 1077 2102 delegandum:
1090 2020 1118 2084 si
1129 2019 1254 2102 delege-

132 2114 198 2182 tur,
217 2106 284 2190 ipso
299 2106 383 2172 iacto
398 2107 539 2173 concidit
554 2112 649 2188 atquc
665 2108 826 2174 amittitur
840 2105 886 2191 l).
903 2109 988 2191 Quid
1003 2126 1080 2190 ergo
1094 2107 1253 2174 remanet?
1290 2102 1318 2178 ⁴l
1335 2103 1375 2163 lb.
1386 2103 1434 2178 ¹¹¹,
1455 2107 1497 2162 15.
1521 2121 1522 2126 ’

131 2195 177 2262 Ut
191 2195 325 2261 societas
340 2195 633 2282 dissolvatur.Quae
642 2196 835 2278 perspiciens
846 2198 1003 2273 Voltaire,
1018 2196 1253 2278 libroinscrip-

134 2290 233 2350 serat:
253 2283 441 2351 Contractus
456 2284 581 2349 somatis
596 2284 787 2350 insociabilis
802 2283 980 2352 Rousceae.

223 2372 265 2438 V.
283 2373 334 2439 liu
349 2373 585 2457 tyrannidema
601 2373 717 2455 primo,
733 2375 772 2438 ab
784 2374 887 2441 altero
902 2373 1145 2450 anarcbiam,in
1156 2376 1251 2456 pacto

133 2460 247 2528 sociali
262 2478 361 2543 aeque
377 2457 597 2528 constitutam!
608 2460 694 2542 Quid
704 2461 933 2545 indeproficiet
943 2462 1133 2529 scientiane}
1150 2479 1252 2545 popu·

134 2551 239 2616 lorum
255 2549 398 2615 libertas?
413 2548 474 2617 Sed
490 2549 573 2616 nihil
587 2568 712 2634 quoque
724 2550 772 2617 illi
788 2551 1070 2641 profecerunt,qui
1081 2551 1186 2618 media
1201 2551 1252 2616 in·

133 2638 248 2706 cedere
264 2637 313 2702 via
325 2639 464 2721 aggressi
479 2642 566 2705 sunt.

227 2726 285 2792 Vl.
303 2727 519 2804 Protestantes
531 2745 628 2810 quum
641 2725 680 2791 ab
691 2725 833 2806 Ecclesia
841 2728 994 2813 primum,
1004 2727 1119 2794 deinde
1133 2744 1151 2792 a
1163 2724 1252 2811 prin-

134 2815 222 2897 cipe,
236 2815 433 2880 ineluctabili
449 2833 555 2880 rerum
568 2815 766 2894 necessitate,
778 2836 900 2884 summa
911 2823 945 2884 et
957 2819 1019 2882 lixa
1030 2833 1172 2900 quaeque
1184 2816 1254 2880 iura

136 2903 341 2978 amovissent;
350 2921 459 2968 omnes
470 2908 597 2987 pactum
612 2904 741 2980 sociale,
752 2907 842 2988 quasi
855 2905 1012 2988 naufragii
1027 2906 1255 2977 tabulamam·

133 2985 220 3077 plexi
241 2995 327 3057 sunt.
344 2991 454 3058 llario.
465 2993 593 3075 quidem
609 2994 743 3081 incessu·
754 2999 849 3077 atque
863 2995 963 3060 exitu:
980 3012 1076 3076 quum
1100 2992 1256 3074 imaginu-¹

134 3081 185 3146 ria
205 3079 389 3165 hypothesis
408 3079 496 3145 nullo
517 3081 622 3148 limite
642 3081 844 3159 sitdelinita,
865 3083 957 3148 illinc
974 3087 1082 3149 auum
1097 3081 1252 3164 scopulos,

135 3169 212 3235 hinc
227 3169 411 3234 servandam
425 3168 609 3236 societatem
625 3169 812 3253 aspicerent.
1066 3233 1072 3243 ,
1120 3219 1124 3226 ·

225 3257 300 3323 llll.
318 3257 491 3341 Spdneyus,
511 3258 627 3324 nobilis
642 3259 766 3340 anglus,
784 3261 830 3326 ita
845 3258 1065 3327 ratiocinatur:
1084 3277 1103 3318 a
1120 3255 1184 3337 Qui
1199 3255 1255 3322 dat

134 3345 319 3429 imperium,
336 3350 370 3411 et
385 3345 521 3412 formam
537 3347 591 3413 dat
606 3348 797 3431 imperandi;
814 3348 903 3414 cuius
922 3352 969 3415 est
984 3345 1165 3419 instituere,
1184 3343 1254 3410 eius

135 3439 186 3500 est
200 3439 233 3500 et
249 3434 415 3518 abrogare.
427 3435 527 3518 Atqui
542 3436 595 3500 hic
610 3440 659 3502 est
674 3436 808 3518 populus
824 3435 867 3521 b).
880 3436 967 3504 »Sed
983 3434 1095 3520 populi
1108 3433 1251 3508 nomine,
1294 3435 1320 3508 5)
1350 3437 1499 3494 Sermones
1514 3503 1518 3516 ,

134 3523 302 3589 feudorum
318 3523 440 3589 domini
460 3523 695 3606 intelliguntur.
713 3526 845 3591 Pactum
860 3525 946 3590 enim
962 3525 1113 3608 landatur
1128 3523 1162 3586 in
1179 3539 1255 3607 pro·
1274 3511 1310 3569 de
1324 3514 1497 3585 depressae,

133 3612 286 3696 prietate:
305 3611 458 3687 iamvero,
474 3613 579 3695 capite
590 3614 676 3678 oensi
688 3631 784 3696 quum
797 3614 880 3691 nibil
894 3615 1042 3691 habeant,
1058 3610 1140 3677 nihil
1155 3611 1190 3676 in
1206 3628 1255 3676 so-
1279 3589 1360 3645 ¹⁶⁹⁰·

135 3700 265 3767 cictatis
274 3706 400 3783 pactum
412 3700 625 3767 contulerunt.
636 3701 830 3788 Gentissuae
838 3703 980 3768 ideamet
992 3699 1256 3768 constitutionem

136 3787 377 3872 expressitque
392 3789 474 3854 solus
489 3788 576 3856 dives
591 3795 639 3857 est
651 3791 982 3873 populus.1maginern
997 3795 1102 3856 autem
1114 3788 1256 3872 praefert

138 3877 254 3944 nobilis
269 3877 427 3944 offensi‘et
439 3879 626 3955 moerentis,
635 3879 690 3962 qui
702 3897 759 3947 nec
768 3897 876 3962 regem
886 3879 1004 3962 diligit,
1019 3895 1077 3945 nec
1088 3877 1253 3962 populum,

136 3967 192 4032 sed
207 3966 359 4049 seipsum.
1017 3977 1020 3984 '

218 4054 1257 4140 -VllLLoclriuspactumilectitadlegemnaturaiem,cuiusprae·

134 4145 241 4214 mittit
257 4143 474 4220 existentiam,
492 4143 641 4228 adquam
659 4144 758 4211 refert
773 4149 823 4212 ius
838 4146 1045 4228 proprietatis
1059 4142 1103 4225 d).
1121 4145 1193 4210 Duo
1208 4141 1257 4208 vi·
1294 4133 1321 4201 6l
1338 4133 1439 4224 macc.
1465 4127 1502 4185 de

132 4236 229 4300 detur
240 4219 411 4299 admittere
423 4231 558 4316 imperia
569 4233 603 4298 in
615 4234 921 4318 statuzpopuli,iura
932 4251 987 4299 sua
999 4231 1119 4299 tuentis
1130 4249 1187 4314 per
1201 4246 1255 4294 cc·
1275 4209 1386 4279 ¹¹⁶92m·
1407 4206 1488 4262 ¹⁶⁹⁰·

132 4322 241 4398 mitia;
249 4327 283 4387 et
294 4322 462 4405 principis,
473 4322 544 4388 iura
556 4340 691 4388 coronae
700 4322 762 4387 sibi
771 4323 972 4394 vindicantis,
985 4340 1048 4387 non
1060 4320 1163 4385 delata
1173 4335 1256 4400 apo·

131 4412 222 4494 pulo,
235 4428 298 4494 non
311 4411 422 4477 sociali
435 4415 527 4494 pacto
538 4409 724 4486 constituta,
734 4412 790 4476 sed
804 4429 876 4478 cum
892 4411 998 4476 cilicio
1014 4407 1167 4492 principis
1179 4423 1255 4471 con·

133 4499 346 4565 iunctissima.
361 4499 528 4572 Verumsi
538 4503 767 4580 parutrumque
777 4498 959 4582 imperium,
972 4496 1162 4562 nullumerit
1171 4512 1257 4560 sum-
