<?xml version="1.0" encoding="UTF-8"?>
<!DOCTYPE html PUBLIC "-//W3C//DTD XHTML 1.0 Transitional//EN"
    "http://www.w3.org/TR/xhtml1/DTD/xhtml1-transitional.dtd">
<html xmlns="http://www.w3.org/1999/xhtml" xml:lang="en" lang="en">
 <head>
  <title>
</title>
<meta http-equiv="Content-Type" content="text/html;charset=utf-8" />
  <meta name='ocr-system' content='tesseract 3.04.00' />
  <meta name='ocr-capabilities' content='ocr_page ocr_carea ocr_par ocr_line ocrx_word'/>
</head>
<body>
  <div class='ocr_page' id='page_1' title='image "./iurisnaturaeetg01audigoog_0181.png"; bbox 0 0 3238 5282; ppageno 0'>
   <div class='ocr_carea' id='block_1_1' title="bbox 443 277 1125 377">
    <p class='ocr_par' dir='ltr' id='par_1_1' title="bbox 443 277 1125 377">
     <span class='ocr_line' id='line_1_1' title="bbox 443 277 1125 377; baseline 0.003 -33"><span class='ocrx_word' id='word_1_1' title='bbox 443 277 506 344; x_wconf 84' lang='lat'>160</span> <span class='ocrx_word' id='word_1_2' title='bbox 881 296 1026 350; x_wconf 83' lang='lat' dir='ltr'>srousu.</span> <span class='ocrx_word' id='word_1_3' title='bbox 1051 366 1052 377; x_wconf 9' lang='grc' dir='ltr'>ἵ</span> <span class='ocrx_word' id='word_1_4' title='bbox 1122 356 1125 363; x_wconf 91' lang='lat'><em>.</em></span> 
     </span>
    </p>
   </div>
   <div class='ocr_carea' id='block_1_2' title="bbox 151 436 1519 4524">
    <p class='ocr_par' dir='ltr' id='par_1_2' title="bbox 151 436 1518 2680">
     <span class='ocr_line' id='line_1_2' title="bbox 331 436 1513 528; baseline -0.002 -22"><span class='ocrx_word' id='word_1_5' title='bbox 331 513 342 528; x_wconf 26' lang='lat' dir='ltr'>q</span> <span class='ocrx_word' id='word_1_6' title='bbox 393 444 563 523; x_wconf 77' lang='lat' dir='ltr'>imponere,</span> <span class='ocrx_word' id='word_1_7' title='bbox 581 449 645 508; x_wconf 87' lang='lat' dir='ltr'>esto</span> <span class='ocrx_word' id='word_1_8' title='bbox 660 440 727 509; x_wconf 85' lang='lat' dir='ltr'>Deo</span> <span class='ocrx_word' id='word_1_9' title='bbox 738 442 889 510; x_wconf 75' lang='lat' dir='ltr'>subditos</span> <span class='ocrx_word' id='word_1_10' title='bbox 905 443 1068 525; x_wconf 81' lang='lat' dir='ltr'><strong>Scriptum</strong></span> <span class='ocrx_word' id='word_1_11' title='bbox 1083 445 1143 506; x_wconf 88' lang='lat' dir='ltr'>est:</span> <span class='ocrx_word' id='word_1_12' title='bbox 1157 438 1247 520; x_wconf 87' lang='lat' dir='ltr'>Quae</span> <span class='ocrx_word' id='word_1_13' title='bbox 1260 436 1321 506; x_wconf 87' lang='lat' dir='ltr'>Dei</span> <span class='ocrx_word' id='word_1_14' title='bbox 1333 437 1513 524; x_wconf 65' lang='lat' dir='ltr'>[lenguae</span> 
     </span>
     <span class='ocr_line' id='line_1_3' title="bbox 395 528 1514 615; baseline -0.005 -17"><span class='ocrx_word' id='word_1_15' title='bbox 395 531 535 598; x_wconf 78' lang='lat' dir='ltr'>Caesaris</span> <span class='ocrx_word' id='word_1_16' title='bbox 550 530 743 598; x_wconf 65' lang='lat' dir='ltr'>montino</span> <span class='ocrx_word' id='word_1_17' title='bbox 758 531 983 615; x_wconf 81' lang='lat' dir='ltr'>imperatorem</span> <span class='ocrx_word' id='word_1_18' title='bbox 997 531 1113 615; x_wconf 83' lang='lat' dir='ltr'>palatia</span> <span class='ocrx_word' id='word_1_19' title='bbox 1129 529 1306 612; x_wconf 80' lang='lat' dir='ltr'>pertinent,</span> <span class='ocrx_word' id='word_1_20' title='bbox 1319 528 1359 598; x_wconf 87' lang='lat' dir='ltr'>ad</span> <span class='ocrx_word' id='word_1_21' title='bbox 1369 529 1514 594; x_wconf 88' lang='lat' dir='ltr'>sacerdo-</span> 
     </span>
     <span class='ocr_line' id='line_1_4' title="bbox 396 618 1512 694; baseline -0.004 -9"><span class='ocrx_word' id='word_1_22' title='bbox 396 626 462 686; x_wconf 87' lang='lat' dir='ltr'>tem</span> <span class='ocrx_word' id='word_1_23' title='bbox 474 621 636 686; x_wconf 90' lang='lat' dir='ltr'>ecclesiae.</span> <span class='ocrx_word' id='word_1_24' title='bbox 647 621 850 686; x_wconf 89' lang='lat' dir='ltr'>Publicorum</span> <span class='ocrx_word' id='word_1_25' title='bbox 862 622 923 688; x_wconf 90' lang='lat' dir='ltr'>tibi</span> <span class='ocrx_word' id='word_1_26' title='bbox 934 619 1098 690; x_wconf 90' lang='lat' dir='ltr'>moenium</span> <span class='ocrx_word' id='word_1_27' title='bbox 1106 623 1154 684; x_wconf 87' lang='lat' dir='ltr'>ius</span> <span class='ocrx_word' id='word_1_28' title='bbox 1162 618 1366 683; x_wconf 91' lang='lat' dir='ltr'>commissum</span> <span class='ocrx_word' id='word_1_29' title='bbox 1378 621 1438 694; x_wconf 90' lang='lat' dir='ltr'>est,</span> <span class='ocrx_word' id='word_1_30' title='bbox 1447 635 1512 684; x_wconf 90' lang='lat' dir='ltr'>uon</span> 
     </span>
     <span class='ocr_line' id='line_1_5' title="bbox 392 708 1514 800; baseline -0.004 -28"><span class='ocrx_word' id='word_1_31' title='bbox 392 726 569 776; x_wconf 92' lang='lat' dir='ltr'>sacrorum.</span> <span class='ocrx_word' id='word_1_32' title='bbox 585 709 776 800; x_wconf 77' lang='lat' dir='ltr'>»Quoniam</span> <span class='ocrx_word' id='word_1_33' title='bbox 789 729 864 776; x_wconf 91' lang='lat' dir='ltr'>vero</span> <span class='ocrx_word' id='word_1_34' title='bbox 875 730 933 793; x_wconf 91' lang='lat' dir='ltr'>pro</span> <span class='ocrx_word' id='word_1_35' title='bbox 946 710 1076 775; x_wconf 81' lang='lat' dir='ltr'>Arianis</span> <span class='ocrx_word' id='word_1_36' title='bbox 1090 708 1220 772; x_wconf 89' lang='lat' dir='ltr'>basilica</span> <span class='ocrx_word' id='word_1_37' title='bbox 1235 708 1453 788; x_wconf 77' lang='lat' dir='ltr'>expetebatur,</span> <span class='ocrx_word' id='word_1_38' title='bbox 1463 723 1514 769; x_wconf 89' lang='lat' dir='ltr'>re-</span> 
     </span>
     <span class='ocr_line' id='line_1_6' title="bbox 394 794 1513 878; baseline -0.004 -16"><span class='ocrx_word' id='word_1_39' title='bbox 394 799 480 878; x_wconf 89' lang='lat' dir='ltr'>gerit</span> <span class='ocrx_word' id='word_1_40' title='bbox 494 799 692 865; x_wconf 75' lang='lat' dir='ltr'>Ambrosius:</span> <span class='ocrx_word' id='word_1_41' title='bbox 712 800 865 865; x_wconf 77' lang='lat' dir='ltr'>«lterum</span> <span class='ocrx_word' id='word_1_42' title='bbox 880 800 997 865; x_wconf 90' lang='lat' dir='ltr'>dicitur</span> <span class='ocrx_word' id='word_1_43' title='bbox 1013 797 1177 864; x_wconf 88' lang='lat' dir='ltr'>mandasse</span> <span class='ocrx_word' id='word_1_44' title='bbox 1191 796 1431 877; x_wconf 80' lang='lat' dir='ltr'>imperatorem:</span> <span class='ocrx_word' id='word_1_45' title='bbox 1450 794 1513 859; x_wconf 88' lang='lat' dir='ltr'>De·</span> 
     </span>
     <span class='ocr_line' id='line_1_7' title="bbox 397 882 1515 969; baseline -0.003 -20"><span class='ocrx_word' id='word_1_46' title='bbox 397 887 455 950; x_wconf 92' lang='lat' dir='ltr'>beo</span> <span class='ocrx_word' id='word_1_47' title='bbox 470 891 503 952; x_wconf 92' lang='lat' dir='ltr'>et</span> <span class='ocrx_word' id='word_1_48' title='bbox 518 895 578 969; x_wconf 88' lang='lat' dir='ltr'>ego</span> <span class='ocrx_word' id='word_1_49' title='bbox 592 905 688 964; x_wconf 86' lang='lat' dir='ltr'>unam</span> <span class='ocrx_word' id='word_1_50' title='bbox 704 887 865 953; x_wconf 80' lang='lat' dir='ltr'><strong>basilicam</strong></span> <span class='ocrx_word' id='word_1_51' title='bbox 880 889 1009 953; x_wconf 89' lang='lat' dir='ltr'>babere.</span> <span class='ocrx_word' id='word_1_52' title='bbox 1026 883 1198 969; x_wconf 85' lang='lat' dir='ltr'><strong>Respondi:</strong></span> <span class='ocrx_word' id='word_1_53' title='bbox 1219 883 1292 950; x_wconf 87' lang='lat' dir='ltr'>Noe</span> <span class='ocrx_word' id='word_1_54' title='bbox 1308 882 1368 948; x_wconf 93' lang='lat' dir='ltr'>tibi</span> <span class='ocrx_word' id='word_1_55' title='bbox 1384 882 1460 948; x_wconf 90' lang='lat' dir='ltr'>licet</span> <span class='ocrx_word' id='word_1_56' title='bbox 1476 883 1515 946; x_wconf 92' lang='lat' dir='ltr'>il·</span> 
     </span>
     <span class='ocr_line' id='line_1_8' title="bbox 397 971 1513 1056; baseline -0.003 -19"><span class='ocrx_word' id='word_1_57' title='bbox 397 975 459 1039; x_wconf 90' lang='lat' dir='ltr'>lam</span> <span class='ocrx_word' id='word_1_58' title='bbox 471 975 687 1056; x_wconf 86' lang='lat' dir='ltr'>babere.Qoid</span> <span class='ocrx_word' id='word_1_59' title='bbox 695 977 757 1041; x_wconf 93' lang='lat' dir='ltr'>tibi</span> <span class='ocrx_word' id='word_1_60' title='bbox 769 995 842 1050; x_wconf 84' lang='lat' dir='ltr'>eum</span> <span class='ocrx_word' id='word_1_61' title='bbox 853 976 1011 1048; x_wconf 81' lang='lat' dir='ltr'>adultera?</span> <span class='ocrx_word' id='word_1_62' title='bbox 1020 975 1176 1041; x_wconf 77' lang='lat' dir='ltr'>Adultera</span> <span class='ocrx_word' id='word_1_63' title='bbox 1187 978 1235 1038; x_wconf 91' lang='lat' dir='ltr'>est</span> <span class='ocrx_word' id='word_1_64' title='bbox 1245 971 1345 1045; x_wconf 91' lang='lat' dir='ltr'>euim,</span> <span class='ocrx_word' id='word_1_65' title='bbox 1356 983 1437 1055; x_wconf 84' lang='lat' dir='ltr'>quae</span> <span class='ocrx_word' id='word_1_66' title='bbox 1449 989 1513 1035; x_wconf 89' lang='lat' dir='ltr'>non</span> 
     </span>
     <span class='ocr_line' id='line_1_9' title="bbox 174 1059 1513 1163; baseline -0.01 -27"><span class='ocrx_word' id='word_1_67' title='bbox 174 1077 198 1151; x_wconf 82' lang='lat' dir='ltr'>t)</span> <span class='ocrx_word' id='word_1_68' title='bbox 213 1080 307 1150; x_wconf 76' lang='lat' dir='ltr'>Epist.</span> <span class='ocrx_word' id='word_1_69' title='bbox 317 1076 376 1149; x_wconf 80' lang='lat' dir='ltr'>xx,</span> <span class='ocrx_word' id='word_1_70' title='bbox 398 1068 446 1128; x_wconf 91' lang='lat' dir='ltr'>est</span> <span class='ocrx_word' id='word_1_71' title='bbox 457 1065 616 1146; x_wconf 89' lang='lat' dir='ltr'>legittimo</span> <span class='ocrx_word' id='word_1_72' title='bbox 627 1063 746 1131; x_wconf 85' lang='lat' dir='ltr'><strong>Christi</strong></span> <span class='ocrx_word' id='word_1_73' title='bbox 757 1066 908 1147; x_wconf 91' lang='lat' dir='ltr'>coniugio</span> <span class='ocrx_word' id='word_1_74' title='bbox 920 1066 1064 1147; x_wconf 91' lang='lat' dir='ltr'>copulata</span> <span class='ocrx_word' id='word_1_75' title='bbox 1071 1062 1279 1151; x_wconf 74' lang='lat' dir='ltr'>(Actaeorum</span> <span class='ocrx_word' id='word_1_76' title='bbox 1290 1059 1429 1162; x_wconf 82' lang='lat' dir='ltr'>societas)</span> <span class='ocrx_word' id='word_1_77' title='bbox 1436 1059 1482 1163; x_wconf 74' lang='lat'><strong>.¹)·</strong></span> <span class='ocrx_word' id='word_1_78' title='bbox 1495 1083 1513 1122; x_wconf 78' lang='lat' dir='ltr'>n</span> 
     </span>
     <span class='ocr_line' id='line_1_10' title="bbox 153 1151 1515 1236; baseline -0.007 -12"><span class='ocrx_word' id='word_1_79' title='bbox 153 1173 180 1210; x_wconf 84' lang='lat'>¹¹·</span> <span class='ocrx_word' id='word_1_80' title='bbox 199 1158 227 1223; x_wconf 77' lang='lat'>2,</span> <span class='ocrx_word' id='word_1_81' title='bbox 244 1156 270 1217; x_wconf 79' lang='lat'>8,</span> <span class='ocrx_word' id='word_1_82' title='bbox 288 1153 378 1208; x_wconf 73' lang='lat' dir='ltr'>¹⁹·Vl·</span> <span class='ocrx_word' id='word_1_83' title='bbox 486 1153 593 1218; x_wconf 85' lang='lat' dir='ltr'>XVll.</span> <span class='ocrx_word' id='word_1_84' title='bbox 613 1153 757 1219; x_wconf 88' lang='lat' dir='ltr'>Secernit</span> <span class='ocrx_word' id='word_1_85' title='bbox 772 1155 942 1236; x_wconf 90' lang='lat' dir='ltr'>diligenter</span> <span class='ocrx_word' id='word_1_86' title='bbox 956 1157 1082 1219; x_wconf 90' lang='lat' dir='ltr'>sanctus</span> <span class='ocrx_word' id='word_1_87' title='bbox 1093 1151 1379 1219; x_wconf 88' lang='lat' dir='ltr'>Mediolanensrum</span> <span class='ocrx_word' id='word_1_88' title='bbox 1394 1167 1515 1232; x_wconf 80' lang='lat' dir='ltr'>episco-</span> 
     </span>
     <span class='ocr_line' id='line_1_11' title="bbox 151 1229 1516 1325; baseline -0.001 -21"><span class='ocrx_word' id='word_1_89' title='bbox 151 1229 185 1286; x_wconf 82' lang='lat' dir='ltr'>do</span> <span class='ocrx_word' id='word_1_90' title='bbox 205 1231 295 1287; x_wconf 66' lang='lat' dir='ltr'>Sem·</span> <span class='ocrx_word' id='word_1_91' title='bbox 311 1243 379 1314; x_wconf 65' lang='lat'><strong>9⁰¹¹·</strong></span> <span class='ocrx_word' id='word_1_92' title='bbox 400 1258 469 1322; x_wconf 89' lang='lat' dir='ltr'>pus,</span> <span class='ocrx_word' id='word_1_93' title='bbox 480 1259 559 1323; x_wconf 87' lang='lat' dir='ltr'>quoe</span> <span class='ocrx_word' id='word_1_94' title='bbox 575 1260 630 1306; x_wconf 91' lang='lat' dir='ltr'>sua</span> <span class='ocrx_word' id='word_1_95' title='bbox 644 1248 729 1317; x_wconf 88' lang='lat' dir='ltr'>sunt,</span> <span class='ocrx_word' id='word_1_96' title='bbox 745 1244 1015 1325; x_wconf 73' lang='lat' dir='ltr'>sundomneum,</span> <span class='ocrx_word' id='word_1_97' title='bbox 1030 1249 1195 1324; x_wconf 79' lang='lat' dir='ltr'>arpentum</span> <span class='ocrx_word' id='word_1_98' title='bbox 1217 1256 1332 1317; x_wconf 77' lang='lat' dir='ltr'>mcum,</span> <span class='ocrx_word' id='word_1_99' title='bbox 1355 1257 1468 1321; x_wconf 92' lang='lat' dir='ltr'>corpus</span> <span class='ocrx_word' id='word_1_100' title='bbox 1487 1239 1516 1302; x_wconf 94' lang='lat' dir='ltr'>i-</span> 
     </span>
     <span class='ocr_line' id='line_1_12' title="bbox 151 1308 1513 1436; baseline 0 -44"><span class='ocrx_word' id='word_1_101' title='bbox 151 1308 377 1436; x_wconf 53' lang='lat' dir='ltr'>{Jeflffiffinv</span> <span class='ocrx_word' id='word_1_102' title='bbox 399 1331 787 1413; x_wconf 86' lang='lat' dir='ltr'>psum,quacinvasoribus</span> <span class='ocrx_word' id='word_1_103' title='bbox 795 1329 1122 1414; x_wconf 81' lang='lat' dir='ltr'>permittit,inondite,·</span> <span class='ocrx_word' id='word_1_104' title='bbox 1130 1330 1169 1393; x_wconf 91' lang='lat' dir='ltr'>ab</span> <span class='ocrx_word' id='word_1_105' title='bbox 1177 1326 1217 1393; x_wconf 91' lang='lat' dir='ltr'>iis</span> <span class='ocrx_word' id='word_1_106' title='bbox 1226 1327 1420 1409; x_wconf 87' lang='lat' dir='ltr'>quaediviuo</span> <span class='ocrx_word' id='word_1_107' title='bbox 1428 1333 1513 1402; x_wconf 88' lang='lat' dir='ltr'>suot,</span> 
     </span>
     <span class='ocr_line' id='line_1_13' title="bbox 154 1417 1516 1510; baseline -0.006 -22"><span class='ocrx_word' id='word_1_108' title='bbox 154 1471 183 1509; x_wconf 85' lang='lat' dir='ltr'>n.</span> <span class='ocrx_word' id='word_1_109' title='bbox 203 1457 212 1509; x_wconf 55' lang='grc' dir='ltr'>ί</span> <span class='ocrx_word' id='word_1_110' title='bbox 241 1457 257 1508; x_wconf 78' lang='lat'><strong>5</strong></span> <span class='ocrx_word' id='word_1_111' title='bbox 283 1452 314 1509; x_wconf 81' lang='lat'>17</span> <span class='ocrx_word' id='word_1_112' title='bbox 336 1417 378 1510; x_wconf 57' lang='lat'>183</span> <span class='ocrx_word' id='word_1_113' title='bbox 400 1420 530 1500; x_wconf 92' lang='lat' dir='ltr'>templa,</span> <span class='ocrx_word' id='word_1_114' title='bbox 553 1438 626 1485; x_wconf 93' lang='lat' dir='ltr'>cum</span> <span class='ocrx_word' id='word_1_115' title='bbox 640 1421 679 1500; x_wconf 91' lang='lat' dir='ltr'>de</span> <span class='ocrx_word' id='word_1_116' title='bbox 695 1420 758 1486; x_wconf 91' lang='lat' dir='ltr'>illis</span> <span class='ocrx_word' id='word_1_117' title='bbox 773 1426 933 1504; x_wconf 79' lang='lat' dir='ltr'>ageretur,</span> <span class='ocrx_word' id='word_1_118' title='bbox 951 1425 984 1485; x_wconf 92' lang='lat' dir='ltr'>et</span> <span class='ocrx_word' id='word_1_119' title='bbox 999 1437 1087 1484; x_wconf 89' lang='lat' dir='ltr'>sacra</span> <span class='ocrx_word' id='word_1_120' title='bbox 1098 1417 1162 1483; x_wconf 92' lang='lat' dir='ltr'>illis</span> <span class='ocrx_word' id='word_1_121' title='bbox 1176 1417 1398 1500; x_wconf 82' lang='lat' dir='ltr'><strong>quoquomodo</strong></span> <span class='ocrx_word' id='word_1_122' title='bbox 1415 1417 1516 1481; x_wconf 89' lang='lat' dir='ltr'>inser-</span> 
     </span>
     <span class='ocr_line' id='line_1_14' title="bbox 154 1496 1517 1587; baseline -0.001 -15"><span class='ocrx_word' id='word_1_123' title='bbox 154 1496 228 1582; x_wconf 62' lang='lat' dir='ltr'>3ss</span> <span class='ocrx_word' id='word_1_124' title='bbox 263 1496 269 1526; x_wconf 81' lang='lat'>²</span> <span class='ocrx_word' id='word_1_125' title='bbox 319 1497 326 1526; x_wconf 75' lang='lat'>¹</span> <span class='ocrx_word' id='word_1_126' title='bbox 370 1497 530 1573; x_wconf 70' lang='lat' dir='ltr'>’viantis</span> <span class='ocrx_word' id='word_1_127' title='bbox 545 1510 607 1574; x_wconf 90' lang='lat' dir='ltr'>Pro</span> <span class='ocrx_word' id='word_1_128' title='bbox 622 1509 777 1576; x_wconf 86' lang='lat' dir='ltr'>uuiveisis</span> <span class='ocrx_word' id='word_1_129' title='bbox 791 1509 878 1574; x_wconf 91' lang='lat' dir='ltr'>enim</span> <span class='ocrx_word' id='word_1_130' title='bbox 895 1509 1032 1584; x_wconf 87' lang='lat' dir='ltr'>tuendis,</span> <span class='ocrx_word' id='word_1_131' title='bbox 1051 1506 1188 1572; x_wconf 87' lang='lat' dir='ltr'>invictus</span> <span class='ocrx_word' id='word_1_132' title='bbox 1204 1509 1339 1587; x_wconf 78' lang='lat' dir='ltr'>martyr,</span> <span class='ocrx_word' id='word_1_133' title='bbox 1356 1506 1414 1570; x_wconf 93' lang='lat' dir='ltr'>sub</span> <span class='ocrx_word' id='word_1_134' title='bbox 1430 1505 1517 1572; x_wconf 84' lang='lat' dir='ltr'>ilen-</span> 
     </span>
     <span class='ocr_line' id='line_1_15' title="bbox 281 1591 1512 1679; baseline -0.001 -19"><span class='ocrx_word' id='word_1_135' title='bbox 281 1591 292 1605; x_wconf 83' lang='lat'>&#39;&#39;</span> <span class='ocrx_word' id='word_1_136' title='bbox 400 1596 515 1676; x_wconf 80' lang='lat' dir='ltr'>ricoll</span> <span class='ocrx_word' id='word_1_137' title='bbox 530 1597 664 1679; x_wconf 77' lang='lat' dir='ltr'>Angliae</span> <span class='ocrx_word' id='word_1_138' title='bbox 679 1615 765 1679; x_wconf 88' lang='lat' dir='ltr'>rege,</span> <span class='ocrx_word' id='word_1_139' title='bbox 784 1599 931 1664; x_wconf 91' lang='lat' dir='ltr'>occubuit</span> <span class='ocrx_word' id='word_1_140' title='bbox 938 1598 1076 1664; x_wconf 83' lang='lat' dir='ltr'>Thomas</span> <span class='ocrx_word' id='word_1_141' title='bbox 1084 1593 1319 1661; x_wconf 86' lang='lat' dir='ltr'>Cantuariensis</span> <span class='ocrx_word' id='word_1_142' title='bbox 1334 1595 1512 1676; x_wconf 87' lang='lat' dir='ltr'>episcopus,</span> 
     </span>
     <span class='ocr_line' id='line_1_16' title="bbox 400 1683 1514 1768; baseline -0.001 -20"><span class='ocrx_word' id='word_1_143' title='bbox 400 1685 489 1750; x_wconf 92' lang='lat' dir='ltr'>cuius</span> <span class='ocrx_word' id='word_1_144' title='bbox 503 1686 918 1768; x_wconf 78' lang='lat' dir='ltr'>egregiameilerensanimi</span> <span class='ocrx_word' id='word_1_145' title='bbox 933 1685 1154 1753; x_wconf 86' lang='lat' dir='ltr'>tortitudinem</span> <span class='ocrx_word' id='word_1_146' title='bbox 1160 1684 1329 1749; x_wconf 90' lang='lat' dir='ltr'>Bossuetus</span> <span class='ocrx_word' id='word_1_147' title='bbox 1344 1683 1514 1750; x_wconf 83' lang='lat' dir='ltr'>exclamat:</span> 
     </span>
     <span class='ocr_line' id='line_1_17' title="bbox 403 1773 1517 1860; baseline 0.004 -26"><span class='ocrx_word' id='word_1_148' title='bbox 403 1794 421 1834; x_wconf 68' lang='grc' dir='ltr'>ι(</span> <span class='ocrx_word' id='word_1_149' title='bbox 435 1775 519 1840; x_wconf 86' lang='lat' dir='ltr'>Mira</span> <span class='ocrx_word' id='word_1_150' title='bbox 533 1775 699 1860; x_wconf 87' lang='lat' dir='ltr'>iniquitas,</span> <span class='ocrx_word' id='word_1_151' title='bbox 718 1795 798 1859; x_wconf 90' lang='lat' dir='ltr'>quae</span> <span class='ocrx_word' id='word_1_152' title='bbox 814 1776 940 1841; x_wconf 83' lang='lat' dir='ltr'>exuvias</span> <span class='ocrx_word' id='word_1_153' title='bbox 955 1776 1018 1842; x_wconf 87' lang='lat' dir='ltr'>tert</span> <span class='ocrx_word' id='word_1_154' title='bbox 1032 1776 1071 1839; x_wconf 90' lang='lat' dir='ltr'>de</span> <span class='ocrx_word' id='word_1_155' title='bbox 1086 1773 1239 1847; x_wconf 75' lang='lat' dir='ltr'>Ecclesia,</span> <span class='ocrx_word' id='word_1_156' title='bbox 1248 1789 1359 1852; x_wconf 89' lang='lat' dir='ltr'>regum</span> <span class='ocrx_word' id='word_1_157' title='bbox 1365 1773 1447 1856; x_wconf 88' lang='lat' dir='ltr'>Regi</span> <span class='ocrx_word' id='word_1_158' title='bbox 1461 1773 1517 1838; x_wconf 91' lang='lat' dir='ltr'>de·</span> 
     </span>
     <span class='ocr_line' id='line_1_18' title="bbox 401 1861 1514 1948; baseline 0.001 -22"><span class='ocrx_word' id='word_1_159' title='bbox 401 1868 565 1948; x_wconf 78' lang='lat' dir='ltr'>sponsata,</span> <span class='ocrx_word' id='word_1_160' title='bbox 572 1865 647 1946; x_wconf 87' lang='lat' dir='ltr'>quia</span> <span class='ocrx_word' id='word_1_161' title='bbox 661 1864 793 1930; x_wconf 91' lang='lat' dir='ltr'>inermis</span> <span class='ocrx_word' id='word_1_162' title='bbox 807 1869 841 1930; x_wconf 90' lang='lat' dir='ltr'>et</span> <span class='ocrx_word' id='word_1_163' title='bbox 854 1865 1120 1947; x_wconf 67' lang='lat' dir='ltr'>peregrinantem</span> <span class='ocrx_word' id='word_1_164' title='bbox 1135 1879 1260 1927; x_wconf 89' lang='lat' dir='ltr'>causam</span> <span class='ocrx_word' id='word_1_165' title='bbox 1271 1861 1339 1926; x_wconf 91' lang='lat' dir='ltr'>eius</span> <span class='ocrx_word' id='word_1_166' title='bbox 1351 1862 1514 1943; x_wconf 81' lang='lat' dir='ltr'>suscipiet,</span> 
     </span>
     <span class='ocr_line' id='line_1_19' title="bbox 402 1949 1517 2036; baseline 0.001 -23"><span class='ocrx_word' id='word_1_167' title='bbox 402 1950 606 2017; x_wconf 80' lang='lat' dir='ltr'>inexorabilis</span> <span class='ocrx_word' id='word_1_168' title='bbox 618 1953 733 2019; x_wconf 87' lang='lat' dir='ltr'>vindex</span> <span class='ocrx_word' id='word_1_169' title='bbox 744 1955 778 2018; x_wconf 93' lang='lat' dir='ltr'>in</span> <span class='ocrx_word' id='word_1_170' title='bbox 795 1973 848 2023; x_wconf 89' lang='lat' dir='ltr'>cos</span> <span class='ocrx_word' id='word_1_171' title='bbox 863 1955 918 2036; x_wconf 88' lang='lat' dir='ltr'>qui</span> <span class='ocrx_word' id='word_1_172' title='bbox 931 1956 964 2018; x_wconf 91' lang='lat' dir='ltr'>in</span> <span class='ocrx_word' id='word_1_173' title='bbox 977 1971 1084 2018; x_wconf 86' lang='lat' dir='ltr'>arcam</span> <span class='ocrx_word' id='word_1_174' title='bbox 1094 1951 1161 2017; x_wconf 90' lang='lat' dir='ltr'>eius</span> <span class='ocrx_word' id='word_1_175' title='bbox 1173 1949 1309 2016; x_wconf 80' lang='lat' dir='ltr'>foederis</span> <span class='ocrx_word' id='word_1_176' title='bbox 1320 1968 1452 2016; x_wconf 91' lang='lat' dir='ltr'>manum</span> <span class='ocrx_word' id='word_1_177' title='bbox 1462 1968 1517 2015; x_wconf 88' lang='lat' dir='ltr'>au·</span> 
     </span>
     <span class='ocr_line' id='line_1_20' title="bbox 401 2039 1517 2125; baseline 0.003 -23"><span class='ocrx_word' id='word_1_178' title='bbox 401 2040 479 2105; x_wconf 90' lang='lat' dir='ltr'>dent</span> <span class='ocrx_word' id='word_1_179' title='bbox 494 2039 656 2106; x_wconf 88' lang='lat' dir='ltr'>inlerre...</span> <span class='ocrx_word' id='word_1_180' title='bbox 675 2043 704 2108; x_wconf 93' lang='grc' dir='ltr'><strong>Ο</strong></span> <span class='ocrx_word' id='word_1_181' title='bbox 720 2061 822 2125; x_wconf 85' lang='lat' dir='ltr'>reges,</span> <span class='ocrx_word' id='word_1_182' title='bbox 841 2042 1025 2107; x_wconf 83' lang='lat' dir='ltr'>omnialleo</span> <span class='ocrx_word' id='word_1_183' title='bbox 1041 2042 1157 2114; x_wconf 90' lang='lat' dir='ltr'>dicata,</span> <span class='ocrx_word' id='word_1_184' title='bbox 1175 2044 1277 2106; x_wconf 90' lang='lat' dir='ltr'>vestra</span> <span class='ocrx_word' id='word_1_185' title='bbox 1294 2039 1359 2104; x_wconf 92' lang='lat' dir='ltr'>sint</span> <span class='ocrx_word' id='word_1_186' title='bbox 1373 2044 1444 2105; x_wconf 87' lang='lat' dir='ltr'>tuta</span> <span class='ocrx_word' id='word_1_187' title='bbox 1460 2057 1517 2121; x_wconf 89' lang='lat' dir='ltr'>pa-</span> 
     </span>
     <span class='ocr_line' id='line_1_21' title="bbox 403 2125 1517 2211; baseline 0.001 -20"><span class='ocrx_word' id='word_1_188' title='bbox 403 2128 554 2196; x_wconf 89' lang='lat' dir='ltr'>trocinio:</span> <span class='ocrx_word' id='word_1_189' title='bbox 569 2149 631 2194; x_wconf 92' lang='lat' dir='ltr'>oon</span> <span class='ocrx_word' id='word_1_190' title='bbox 648 2129 750 2194; x_wconf 91' lang='lat' dir='ltr'>solum</span> <span class='ocrx_word' id='word_1_191' title='bbox 761 2149 926 2211; x_wconf 81' lang='lat' dir='ltr'>personae,</span> <span class='ocrx_word' id='word_1_192' title='bbox 938 2131 991 2196; x_wconf 91' lang='lat' dir='ltr'>sed</span> <span class='ocrx_word' id='word_1_193' title='bbox 1002 2131 1072 2195; x_wconf 88' lang='lat' dir='ltr'>loco</span> <span class='ocrx_word' id='word_1_194' title='bbox 1086 2135 1120 2194; x_wconf 89' lang='lat' dir='ltr'>et</span> <span class='ocrx_word' id='word_1_195' title='bbox 1135 2129 1227 2206; x_wconf 86' lang='lat' dir='ltr'>bono,</span> <span class='ocrx_word' id='word_1_196' title='bbox 1246 2129 1314 2198; x_wconf 87' lang='lat' dir='ltr'>eius</span> <span class='ocrx_word' id='word_1_197' title='bbox 1328 2125 1517 2210; x_wconf 90' lang='lat' dir='ltr'>impenden-</span> 
     </span>
     <span class='ocr_line' id='line_1_22' title="bbox 401 2217 1517 2301; baseline 0 -21"><span class='ocrx_word' id='word_1_198' title='bbox 401 2217 441 2280; x_wconf 89' lang='lat' dir='ltr'>da</span> <span class='ocrx_word' id='word_1_199' title='bbox 456 2217 598 2283; x_wconf 89' lang='lat' dir='ltr'>servitio.</span> <span class='ocrx_word' id='word_1_200' title='bbox 609 2219 756 2284; x_wconf 88' lang='lat' dir='ltr'>Tuemioi</span> <span class='ocrx_word' id='word_1_201' title='bbox 768 2220 925 2292; x_wconf 76' lang='lat' dir='ltr'>Ecclesiae</span> <span class='ocrx_word' id='word_1_202' title='bbox 935 2219 1028 2298; x_wconf 90' lang='lat' dir='ltr'>bona,</span> <span class='ocrx_word' id='word_1_203' title='bbox 1047 2235 1127 2301; x_wconf 89' lang='lat' dir='ltr'>quae</span> <span class='ocrx_word' id='word_1_204' title='bbox 1141 2234 1315 2300; x_wconf 84' lang='lat' dir='ltr'>pauperum</span> <span class='ocrx_word' id='word_1_205' title='bbox 1329 2221 1402 2282; x_wconf 90' lang='lat' dir='ltr'>suot</span> <span class='ocrx_word' id='word_1_206' title='bbox 1417 2217 1517 2300; x_wconf 89' lang='lat' dir='ltr'>patri·</span> 
     </span>
     <span class='ocr_line' id='line_1_23' title="bbox 403 2305 1515 2389; baseline 0.003 -21"><span class='ocrx_word' id='word_1_207' title='bbox 403 2308 522 2371; x_wconf 91' lang='lat' dir='ltr'>monia.</span> <span class='ocrx_word' id='word_1_208' title='bbox 548 2307 714 2372; x_wconf 88' lang='lat' dir='ltr'>Heliodori</span> <span class='ocrx_word' id='word_1_209' title='bbox 731 2313 936 2385; x_wconf 87' lang='lat' dir='ltr'>mementote,</span> <span class='ocrx_word' id='word_1_210' title='bbox 961 2313 994 2373; x_wconf 89' lang='lat' dir='ltr'>et</span> <span class='ocrx_word' id='word_1_211' title='bbox 1012 2307 1132 2372; x_wconf 91' lang='lat' dir='ltr'>brachii</span> <span class='ocrx_word' id='word_1_212' title='bbox 1147 2323 1210 2389; x_wconf 87' lang='lat' dir='ltr'>quo</span> <span class='ocrx_word' id='word_1_213' title='bbox 1226 2307 1355 2374; x_wconf 89' lang='lat' dir='ltr'>attritus</span> <span class='ocrx_word' id='word_1_214' title='bbox 1369 2306 1424 2370; x_wconf 89' lang='lat' dir='ltr'>ille</span> <span class='ocrx_word' id='word_1_215' title='bbox 1438 2305 1515 2376; x_wconf 85' lang='lat' dir='ltr'>luit,</span> 
     </span>
     <span class='ocr_line' id='line_1_24' title="bbox 401 2393 1518 2480; baseline 0.003 -23"><span class='ocrx_word' id='word_1_216' title='bbox 401 2393 456 2475; x_wconf 87' lang='lat' dir='ltr'>qui</span> <span class='ocrx_word' id='word_1_217' title='bbox 471 2394 639 2462; x_wconf 81' lang='lat' dir='ltr'>attriverat</span> <span class='ocrx_word' id='word_1_218' title='bbox 654 2397 735 2460; x_wconf 90' lang='lat' dir='ltr'>bona</span> <span class='ocrx_word' id='word_1_219' title='bbox 747 2399 866 2480; x_wconf 90' lang='lat' dir='ltr'>templo</span> <span class='ocrx_word' id='word_1_220' title='bbox 881 2394 1244 2475; x_wconf 77' lang='lat' dir='ltr'>commendataQuanto</span> <span class='ocrx_word' id='word_1_221' title='bbox 1260 2413 1334 2476; x_wconf 89' lang='lat' dir='ltr'>ergo</span> <span class='ocrx_word' id='word_1_222' title='bbox 1344 2395 1445 2476; x_wconf 88' lang='lat' dir='ltr'>magis</span> <span class='ocrx_word' id='word_1_223' title='bbox 1460 2395 1518 2460; x_wconf 93' lang='lat' dir='ltr'>bo·</span> 
     </span>
     <span class='ocr_line' id='line_1_25' title="bbox 402 2483 1518 2562; baseline -0.001 -15"><span class='ocrx_word' id='word_1_224' title='bbox 402 2501 442 2547; x_wconf 90' lang='lat' dir='ltr'>na</span> <span class='ocrx_word' id='word_1_225' title='bbox 465 2484 656 2550; x_wconf 87' lang='lat' dir='ltr'>observanda</span> <span class='ocrx_word' id='word_1_226' title='bbox 676 2491 763 2562; x_wconf 91' lang='lat' dir='ltr'>sunt,</span> <span class='ocrx_word' id='word_1_227' title='bbox 782 2504 846 2553; x_wconf 89' lang='lat' dir='ltr'>non</span> <span class='ocrx_word' id='word_1_228' title='bbox 860 2487 964 2554; x_wconf 92' lang='lat' dir='ltr'>solum</span> <span class='ocrx_word' id='word_1_229' title='bbox 975 2485 1124 2551; x_wconf 89' lang='lat' dir='ltr'>Ecclesiis</span> <span class='ocrx_word' id='word_1_230' title='bbox 1142 2483 1364 2550; x_wconf 81' lang='lat' dir='ltr'>commendata</span> <span class='ocrx_word' id='word_1_231' title='bbox 1377 2484 1433 2548; x_wconf 89' lang='lat' dir='ltr'>sed</span> <span class='ocrx_word' id='word_1_232' title='bbox 1450 2488 1518 2550; x_wconf 90' lang='lat' dir='ltr'>tra·</span> 
     </span>
     <span class='ocr_line' id='line_1_26' title="bbox 186 2571 1426 2680; baseline -0.002 -37"><span class='ocrx_word' id='word_1_233' title='bbox 186 2586 212 2660; x_wconf 77' lang='lat' dir='ltr'>il</span> <span class='ocrx_word' id='word_1_234' title='bbox 229 2587 377 2658; x_wconf 69' lang='lat' dir='ltr'>Poeeqyr.</span> <span class='ocrx_word' id='word_1_235' title='bbox 401 2572 483 2640; x_wconf 75' lang='lat' dir='ltr'>dita?</span> <span class='ocrx_word' id='word_1_236' title='bbox 499 2571 578 2656; x_wconf 79' lang='grc'><strong>2).»</strong></span> <span class='ocrx_word' id='word_1_237' title='bbox 657 2661 664 2678; x_wconf 91' lang='lat'>.</span> <span class='ocrx_word' id='word_1_238' title='bbox 741 2664 747 2679; x_wconf 95' lang='lat'><em>.</em></span> <span class='ocrx_word' id='word_1_239' title='bbox 930 2665 937 2680; x_wconf 32' lang='grc' dir='ltr'><strong>ο</strong></span> <span class='ocrx_word' id='word_1_240' title='bbox 1276 2661 1283 2677; x_wconf 91' lang='lat'><strong><em>.</em></strong></span> <span class='ocrx_word' id='word_1_241' title='bbox 1419 2631 1426 2677; x_wconf 82' lang='lat'>;</span> 
     </span>
    </p>

    <p class='ocr_par' dir='ltr' id='par_1_3' title="bbox 151 2659 1519 3450">
     <span class='ocr_line' id='line_1_27' title="bbox 153 2659 1518 2747; baseline 0 -20"><span class='ocrx_word' id='word_1_242' title='bbox 153 2659 190 2718; x_wconf 77' lang='lat' dir='ltr'>de</span> <span class='ocrx_word' id='word_1_243' title='bbox 220 2679 244 2718; x_wconf 77' lang='lat' dir='ltr'>s.</span> <span class='ocrx_word' id='word_1_244' title='bbox 279 2662 378 2718; x_wconf 81' lang='lat' dir='ltr'>rnom.</span> <span class='ocrx_word' id='word_1_245' title='bbox 490 2662 614 2727; x_wconf 85' lang='lat' dir='ltr'>XVlll.</span> <span class='ocrx_word' id='word_1_246' title='bbox 632 2662 665 2730; x_wconf 87' lang='lat' dir='ltr'>Sr</span> <span class='ocrx_word' id='word_1_247' title='bbox 681 2667 806 2747; x_wconf 77' lang='lat' dir='ltr'>regibus</span> <span class='ocrx_word' id='word_1_248' title='bbox 821 2669 1035 2732; x_wconf 76' lang='lat' dir='ltr'>assentiantur</span> <span class='ocrx_word' id='word_1_249' title='bbox 1048 2662 1235 2737; x_wconf 88' lang='lat' dir='ltr'>sacerdotes,</span> <span class='ocrx_word' id='word_1_250' title='bbox 1252 2661 1402 2729; x_wconf 78' lang='lat' dir='ltr'>dicuntur</span> <span class='ocrx_word' id='word_1_251' title='bbox 1414 2681 1450 2726; x_wconf 91' lang='lat' dir='ltr'>m</span> <span class='ocrx_word' id='word_1_252' title='bbox 1467 2666 1518 2745; x_wconf 76' lang='lat' dir='ltr'>ty·</span> 
     </span>
     <span class='ocr_line' id='line_1_28' title="bbox 152 2735 1518 2867; baseline 0 -53"><span class='ocrx_word' id='word_1_253' title='bbox 152 2735 189 2793; x_wconf 67' lang='lat'>‘¹²</span> <span class='ocrx_word' id='word_1_254' title='bbox 205 2737 353 2867; x_wconf 60' lang='grc' dir='ltr'>θθηῑθῖῥχι</span> <span class='ocrx_word' id='word_1_255' title='bbox 370 2736 380 2791; x_wconf 87' lang='lat'>¹</span> <span class='ocrx_word' id='word_1_256' title='bbox 401 2751 533 2822; x_wconf 88' lang='lat' dir='ltr'>rannide</span> <span class='ocrx_word' id='word_1_257' title='bbox 544 2752 701 2838; x_wconf 86' lang='lat' dir='ltr'>colligati;</span> <span class='ocrx_word' id='word_1_258' title='bbox 711 2754 846 2829; x_wconf 84' lang='lat' dir='ltr'>rebelles</span> <span class='ocrx_word' id='word_1_259' title='bbox 855 2759 974 2827; x_wconf 89' lang='lat' dir='ltr'>autem,</span> <span class='ocrx_word' id='word_1_260' title='bbox 985 2753 1013 2817; x_wconf 91' lang='lat' dir='ltr'>si</span> <span class='ocrx_word' id='word_1_261' title='bbox 1020 2772 1079 2836; x_wconf 94' lang='lat' dir='ltr'>pro</span> <span class='ocrx_word' id='word_1_262' title='bbox 1091 2752 1225 2835; x_wconf 83' lang='lat' dir='ltr'>veritate</span> <span class='ocrx_word' id='word_1_263' title='bbox 1236 2752 1432 2826; x_wconf 88' lang='lat' dir='ltr'>renitantur,</span> <span class='ocrx_word' id='word_1_264' title='bbox 1447 2769 1518 2816; x_wconf 91' lang='lat' dir='ltr'>eos-</span> 
     </span>
     <span class='ocr_line' id='line_1_29' title="bbox 151 2815 1517 2945; baseline 0.001 -43"><span class='ocrx_word' id='word_1_265' title='bbox 151 2827 212 2942; x_wconf 59' lang='lat' dir='ltr'>ffif·</span> <span class='ocrx_word' id='word_1_266' title='bbox 223 2815 283 2945; x_wconf 61' lang='lat' dir='ltr'>wf&#39;</span> <span class='ocrx_word' id='word_1_267' title='bbox 282 2829 299 2868; x_wconf 89' lang='lat'>⁰</span> <span class='ocrx_word' id='word_1_268' title='bbox 306 2819 377 2944; x_wconf 41' lang='lat' dir='ltr'>&amp;mg</span> <span class='ocrx_word' id='word_1_269' title='bbox 401 2858 473 2921; x_wconf 89' lang='lat' dir='ltr'>que,</span> <span class='ocrx_word' id='word_1_270' title='bbox 483 2844 519 2906; x_wconf 91' lang='lat' dir='ltr'>ut</span> <span class='ocrx_word' id='word_1_271' title='bbox 534 2841 700 2906; x_wconf 87' lang='lat' dir='ltr'>s.Tbomas</span> <span class='ocrx_word' id='word_1_272' title='bbox 707 2841 956 2920; x_wconf 83' lang='lat' dir='ltr'>centuariensis,</span> <span class='ocrx_word' id='word_1_273' title='bbox 967 2843 1147 2924; x_wconf 88' lang='lat' dir='ltr'>inregoum</span> <span class='ocrx_word' id='word_1_274' title='bbox 1159 2844 1192 2906; x_wconf 89' lang='lat' dir='ltr'>et</span> <span class='ocrx_word' id='word_1_275' title='bbox 1200 2840 1359 2922; x_wconf 90' lang='lat' dir='ltr'>publicam</span> <span class='ocrx_word' id='word_1_276' title='bbox 1374 2839 1517 2922; x_wconf 89' lang='lat' dir='ltr'>quietem</span> 
     </span>
     <span class='ocr_line' id='line_1_30' title="bbox 153 2927 1518 3033; baseline 0.001 -41"><span class='ocrx_word' id='word_1_277' title='bbox 153 2929 233 3033; x_wconf 40' lang='lat' dir='ltr'>W‘m,</span> <span class='ocrx_word' id='word_1_278' title='bbox 251 2932 281 3018; x_wconf 68' lang='lat'>3}</span> <span class='ocrx_word' id='word_1_279' title='bbox 325 2931 331 2943; x_wconf 83' lang='grc'><strong>’</strong></span> <span class='ocrx_word' id='word_1_280' title='bbox 369 2932 377 2961; x_wconf 88' lang='grc'>’</span> <span class='ocrx_word' id='word_1_281' title='bbox 400 2929 521 2994; x_wconf 90' lang='lat' dir='ltr'>moliri.</span> <span class='ocrx_word' id='word_1_282' title='bbox 531 2930 656 2994; x_wconf 88' lang='lat' dir='ltr'>Falsum</span> <span class='ocrx_word' id='word_1_283' title='bbox 672 2935 852 3014; x_wconf 86' lang='lat' dir='ltr'>utrumque.</span> <span class='ocrx_word' id='word_1_284' title='bbox 863 2933 977 2998; x_wconf 89' lang='lat' dir='ltr'>Pacem</span> <span class='ocrx_word' id='word_1_285' title='bbox 992 2931 1132 3014; x_wconf 91' lang='lat' dir='ltr'>diligunt</span> <span class='ocrx_word' id='word_1_286' title='bbox 1146 2947 1218 2994; x_wconf 93' lang='lat' dir='ltr'>cum</span> <span class='ocrx_word' id='word_1_287' title='bbox 1233 2927 1406 3010; x_wconf 86' lang='lat' dir='ltr'>aequitate,</span> <span class='ocrx_word' id='word_1_288' title='bbox 1422 2947 1518 2993; x_wconf 88' lang='lat' dir='ltr'>vene-</span> 
     </span>
     <span class='ocr_line' id='line_1_31' title="bbox 400 3017 1519 3100; baseline 0.001 -19"><span class='ocrx_word' id='word_1_289' title='bbox 400 3023 511 3083; x_wconf 91' lang='lat' dir='ltr'>rantur</span> <span class='ocrx_word' id='word_1_290' title='bbox 526 3019 761 3094; x_wconf 88' lang='lat' dir='ltr'>auctoritatem,</span> <span class='ocrx_word' id='word_1_291' title='bbox 770 3019 893 3100; x_wconf 87' lang='lat' dir='ltr'>nemini</span> <span class='ocrx_word' id='word_1_292' title='bbox 907 3022 1119 3094; x_wconf 85' lang='lat' dir='ltr'>assentoutur,</span> <span class='ocrx_word' id='word_1_293' title='bbox 1134 3018 1202 3083; x_wconf 83' lang='lat' dir='ltr'>beo</span> <span class='ocrx_word' id='word_1_294' title='bbox 1215 3022 1247 3083; x_wconf 91' lang='lat' dir='ltr'>et</span> <span class='ocrx_word' id='word_1_295' title='bbox 1257 3017 1399 3099; x_wconf 90' lang='lat' dir='ltr'>politicis</span> <span class='ocrx_word' id='word_1_296' title='bbox 1413 3022 1519 3082; x_wconf 90' lang='lat' dir='ltr'>recto-</span> 
     </span>
     <span class='ocr_line' id='line_1_32' title="bbox 398 3105 1514 3192; baseline 0.001 -23"><span class='ocrx_word' id='word_1_297' title='bbox 398 3106 485 3171; x_wconf 88' lang='lat' dir='ltr'>ribus</span> <span class='ocrx_word' id='word_1_298' title='bbox 501 3113 627 3189; x_wconf 88' lang='lat' dir='ltr'>parent;</span> <span class='ocrx_word' id='word_1_299' title='bbox 646 3127 755 3173; x_wconf 91' lang='lat' dir='ltr'>verum</span> <span class='ocrx_word' id='word_1_300' title='bbox 770 3108 839 3174; x_wconf 89' lang='lat' dir='ltr'>Deo</span> <span class='ocrx_word' id='word_1_301' title='bbox 853 3109 960 3192; x_wconf 89' lang='lat' dir='ltr'>potius</span> <span class='ocrx_word' id='word_1_302' title='bbox 974 3125 1070 3191; x_wconf 87' lang='lat' dir='ltr'>quam</span> <span class='ocrx_word' id='word_1_303' title='bbox 1084 3106 1267 3172; x_wconf 90' lang='lat' dir='ltr'>bominibus</span> <span class='ocrx_word' id='word_1_304' title='bbox 1283 3105 1514 3188; x_wconf 67' lang='lat' dir='ltr'>obsequentum</span> 
     </span>
     <span class='ocr_line' id='line_1_33' title="bbox 399 3195 1519 3279; baseline -0.002 -19"><span class='ocrx_word' id='word_1_305' title='bbox 399 3200 530 3261; x_wconf 86' lang='lat' dir='ltr'>tuentur</span> <span class='ocrx_word' id='word_1_306' title='bbox 543 3214 624 3278; x_wconf 86' lang='lat' dir='ltr'>quae</span> <span class='ocrx_word' id='word_1_307' title='bbox 640 3197 699 3261; x_wconf 84' lang='lat' dir='ltr'>Dei</span> <span class='ocrx_word' id='word_1_308' title='bbox 713 3201 798 3270; x_wconf 89' lang='lat' dir='ltr'>sunt,</span> <span class='ocrx_word' id='word_1_309' title='bbox 824 3197 983 3262; x_wconf 89' lang='lat' dir='ltr'>neminem</span> <span class='ocrx_word' id='word_1_310' title='bbox 995 3196 1246 3279; x_wconf 82' lang='lat' dir='ltr'>aggrediuntur,¹</span> <span class='ocrx_word' id='word_1_311' title='bbox 1263 3212 1422 3276; x_wconf 88' lang='lat' dir='ltr'>nunquam</span> <span class='ocrx_word' id='word_1_312' title='bbox 1437 3195 1519 3259; x_wconf 89' lang='lat' dir='ltr'>alie-</span> 
     </span>
     <span class='ocr_line' id='line_1_34' title="bbox 400 3283 1517 3366; baseline -0.001 -18"><span class='ocrx_word' id='word_1_313' title='bbox 400 3303 487 3358; x_wconf 90' lang='lat' dir='ltr'>num,</span> <span class='ocrx_word' id='word_1_314' title='bbox 505 3286 572 3360; x_wconf 92' lang='lat' dir='ltr'>sed,</span> <span class='ocrx_word' id='word_1_315' title='bbox 590 3285 618 3349; x_wconf 90' lang='lat' dir='ltr'>si</span> <span class='ocrx_word' id='word_1_316' title='bbox 634 3303 759 3351; x_wconf 89' lang='lat' dir='ltr'>necesse</span> <span class='ocrx_word' id='word_1_317' title='bbox 773 3287 828 3360; x_wconf 90' lang='lat' dir='ltr'>sit,</span> <span class='ocrx_word' id='word_1_318' title='bbox 847 3305 938 3351; x_wconf 89' lang='lat' dir='ltr'>suum</span> <span class='ocrx_word' id='word_1_319' title='bbox 952 3286 1138 3366; x_wconf 91' lang='lat' dir='ltr'>sauguinem</span> <span class='ocrx_word' id='word_1_320' title='bbox 1153 3283 1300 3348; x_wconf 87' lang='lat' dir='ltr'>tundunt.</span> <span class='ocrx_word' id='word_1_321' title='bbox 1319 3283 1452 3349; x_wconf 90' lang='lat' dir='ltr'>Utinam</span> <span class='ocrx_word' id='word_1_322' title='bbox 1466 3301 1517 3347; x_wconf 92' lang='lat' dir='ltr'>sa-</span> 
     </span>
     <span class='ocr_line' id='line_1_35' title="bbox 397 3373 1517 3450; baseline 0.001 -14"><span class='ocrx_word' id='word_1_323' title='bbox 397 3374 562 3439; x_wconf 90' lang='lat' dir='ltr'>cerdotum</span> <span class='ocrx_word' id='word_1_324' title='bbox 577 3379 786 3450; x_wconf 90' lang='lat' dir='ltr'>accusatores,</span> <span class='ocrx_word' id='word_1_325' title='bbox 807 3375 892 3440; x_wconf 88' lang='lat' dir='ltr'>banc</span> <span class='ocrx_word' id='word_1_326' title='bbox 906 3376 1067 3440; x_wconf 86' lang='lat' dir='ltr'>discerent</span> <span class='ocrx_word' id='word_1_327' title='bbox 1088 3373 1313 3439; x_wconf 87' lang='lat' dir='ltr'>tortitudinem</span> <span class='ocrx_word' id='word_1_328' title='bbox 1335 3390 1408 3437; x_wconf 90' lang='lat' dir='ltr'>cum</span> <span class='ocrx_word' id='word_1_329' title='bbox 1425 3390 1517 3437; x_wconf 88' lang='lat' dir='ltr'>man·</span> 
     </span>
    </p>

    <p class='ocr_par' dir='ltr' id='par_1_4' title="bbox 397 3461 1335 3530">
     <span class='ocr_line' id='line_1_36' title="bbox 397 3461 1335 3530; baseline 0.006 -6"><span class='ocrx_word' id='word_1_330' title='bbox 397 3461 574 3527; x_wconf 83' lang='lat' dir='ltr'>suetudine!</span> <span class='ocrx_word' id='word_1_331' title='bbox 1228 3482 1234 3492; x_wconf 74' lang='lat'><strong><em>¹</em></strong></span> <span class='ocrx_word' id='word_1_332' title='bbox 1326 3479 1335 3530; x_wconf 87' lang='grc'>·.</span> 
     </span>
    </p>

    <p class='ocr_par' dir='ltr' id='par_1_5' title="bbox 395 3543 1516 4524">
     <span class='ocr_line' id='line_1_37' title="bbox 493 3543 1516 3636; baseline 0.001 -21"><span class='ocrx_word' id='word_1_333' title='bbox 493 3551 587 3615; x_wconf 83' lang='grc' dir='ltr'><strong>ΧΙΧ.</strong></span> <span class='ocrx_word' id='word_1_334' title='bbox 606 3549 712 3630; x_wconf 87' lang='lat' dir='ltr'>Quum</span> <span class='ocrx_word' id='word_1_335' title='bbox 727 3553 837 3618; x_wconf 83' lang='lat' dir='ltr'>efficax</span> <span class='ocrx_word' id='word_1_336' title='bbox 852 3558 948 3636; x_wconf 88' lang='lat' dir='ltr'>atque</span> <span class='ocrx_word' id='word_1_337' title='bbox 962 3549 1254 3620; x_wconf 87' lang='lat' dir='ltr'>iuridicadelensio</span> <span class='ocrx_word' id='word_1_338' title='bbox 1278 3551 1389 3615; x_wconf 88' lang='lat' dir='ltr'>modos</span> <span class='ocrx_word' id='word_1_339' title='bbox 1400 3543 1516 3620; x_wconf 86' lang='lat' dir='ltr'>omnes</span> 
     </span>
     <span class='ocr_line' id='line_1_38' title="bbox 396 3637 1515 3724; baseline 0.004 -24"><span class='ocrx_word' id='word_1_340' title='bbox 396 3637 616 3720; x_wconf 88' lang='lat' dir='ltr'>amplectatur,</span> <span class='ocrx_word' id='word_1_341' title='bbox 639 3659 718 3720; x_wconf 91' lang='lat' dir='ltr'>quos</span> <span class='ocrx_word' id='word_1_342' title='bbox 732 3646 820 3706; x_wconf 89' lang='lat' dir='ltr'>tutor</span> <span class='ocrx_word' id='word_1_343' title='bbox 843 3642 877 3706; x_wconf 93' lang='lat' dir='ltr'>iu</span> <span class='ocrx_word' id='word_1_344' title='bbox 893 3660 948 3707; x_wconf 89' lang='lat' dir='ltr'>suo</span> <span class='ocrx_word' id='word_1_345' title='bbox 964 3642 1078 3706; x_wconf 87' lang='lat' dir='ltr'>habeat</span> <span class='ocrx_word' id='word_1_346' title='bbox 1094 3645 1262 3724; x_wconf 72' lang='lat' dir='ltr'>potestatm</span> <span class='ocrx_word' id='word_1_347' title='bbox 1282 3657 1444 3704; x_wconf 90' lang='lat' dir='ltr'>sacrorum</span> <span class='ocrx_word' id='word_1_348' title='bbox 1459 3658 1515 3704; x_wconf 80' lang='lat' dir='ltr'>eu-</span> 
     </span>
     <span class='ocr_line' id='line_1_39' title="bbox 397 3727 1514 3812; baseline 0.002 -22"><span class='ocrx_word' id='word_1_349' title='bbox 397 3733 463 3791; x_wconf 89' lang='lat' dir='ltr'>tem</span> <span class='ocrx_word' id='word_1_350' title='bbox 480 3727 635 3793; x_wconf 90' lang='lat' dir='ltr'>bonorum</span> <span class='ocrx_word' id='word_1_351' title='bbox 650 3734 774 3794; x_wconf 91' lang='lat' dir='ltr'>tutores</span> <span class='ocrx_word' id='word_1_352' title='bbox 792 3729 859 3796; x_wconf 88' lang='lat' dir='ltr'>sint</span> <span class='ocrx_word' id='word_1_353' title='bbox 873 3730 1033 3798; x_wconf 80' lang='lat' dir='ltr'>Ecclesiae</span> <span class='ocrx_word' id='word_1_354' title='bbox 1049 3730 1220 3812; x_wconf 75' lang='lat' dir='ltr'>praesules:</span> <span class='ocrx_word' id='word_1_355' title='bbox 1246 3728 1280 3792; x_wconf 91' lang='lat' dir='ltr'>bi</span> <span class='ocrx_word' id='word_1_356' title='bbox 1295 3745 1351 3792; x_wconf 92' lang='lat' dir='ltr'>suo</span> <span class='ocrx_word' id='word_1_357' title='bbox 1366 3728 1514 3794; x_wconf 89' lang='lat' dir='ltr'>deessent</span> 
     </span>
     <span class='ocr_line' id='line_1_40' title="bbox 395 3815 1509 3902; baseline 0.003 -23"><span class='ocrx_word' id='word_1_358' title='bbox 395 3815 511 3890; x_wconf 87' lang='lat' dir='ltr'>officio,</span> <span class='ocrx_word' id='word_1_359' title='bbox 521 3817 582 3880; x_wconf 90' lang='lat' dir='ltr'>uisi</span> <span class='ocrx_word' id='word_1_360' title='bbox 595 3835 631 3881; x_wconf 87' lang='lat' dir='ltr'>ea</span> <span class='ocrx_word' id='word_1_361' title='bbox 643 3818 860 3900; x_wconf 88' lang='lat' dir='ltr'>spiritualibus</span> <span class='ocrx_word' id='word_1_362' title='bbox 874 3820 981 3902; x_wconf 89' lang='lat' dir='ltr'>poeuis</span> <span class='ocrx_word' id='word_1_363' title='bbox 996 3823 1174 3884; x_wconf 87' lang='lat' dir='ltr'>tuerentur.</span> <span class='ocrx_word' id='word_1_364' title='bbox 1184 3816 1509 3884; x_wconf 88' lang='lat' dir='ltr'>HiucTridentiuum:</span> 
     </span>
     <span class='ocr_line' id='line_1_41' title="bbox 398 3904 1512 3990; baseline 0.006 -26"><span class='ocrx_word' id='word_1_365' title='bbox 398 3925 416 3964; x_wconf 82' lang='lat' dir='ltr'><strong>o</strong></span> <span class='ocrx_word' id='word_1_366' title='bbox 429 3904 463 3970; x_wconf 85' lang='lat' dir='ltr'>si</span> <span class='ocrx_word' id='word_1_367' title='bbox 479 3923 572 3987; x_wconf 89' lang='lat' dir='ltr'>quem</span> <span class='ocrx_word' id='word_1_368' title='bbox 588 3906 777 3971; x_wconf 90' lang='lat' dir='ltr'>clericorum</span> <span class='ocrx_word' id='word_1_369' title='bbox 794 3906 843 3973; x_wconf 93' lang='lat' dir='ltr'>vel</span> <span class='ocrx_word' id='word_1_370' title='bbox 858 3909 1023 3987; x_wconf 72' lang='lat' dir='ltr'>laicorum,</span> <span class='ocrx_word' id='word_1_371' title='bbox 1049 3924 1245 3990; x_wconf 90' lang='lat' dir='ltr'>quacumque</span> <span class='ocrx_word' id='word_1_372' title='bbox 1264 3905 1292 3970; x_wconf 92' lang='lat' dir='ltr'>is</span> <span class='ocrx_word' id='word_1_373' title='bbox 1306 3905 1465 3987; x_wconf 81' lang='lat' dir='ltr'>dignitate</span> <span class='ocrx_word' id='word_1_374' title='bbox 1480 3925 1512 3971; x_wconf 92' lang='lat' dir='ltr'>e-</span> 
     </span>
     <span class='ocr_line' id='line_1_42' title="bbox 396 3994 1513 4080; baseline 0.002 -22"><span class='ocrx_word' id='word_1_375' title='bbox 396 3994 477 4058; x_wconf 89' lang='lat' dir='ltr'>tiam</span> <span class='ocrx_word' id='word_1_376' title='bbox 493 3994 654 4076; x_wconf 89' lang='lat' dir='ltr'>imperiali</span> <span class='ocrx_word' id='word_1_377' title='bbox 668 4001 723 4062; x_wconf 93' lang='lat' dir='ltr'>aut</span> <span class='ocrx_word' id='word_1_378' title='bbox 737 3997 838 4079; x_wconf 85' lang='lat' dir='ltr'>regali</span> <span class='ocrx_word' id='word_1_379' title='bbox 853 3997 1062 4080; x_wconf 75' lang='lat' dir='ltr'>praefulgeat,</span> <span class='ocrx_word' id='word_1_380' title='bbox 1080 3997 1114 4061; x_wconf 93' lang='lat' dir='ltr'>in</span> <span class='ocrx_word' id='word_1_381' title='bbox 1130 4001 1255 4063; x_wconf 88' lang='lat' dir='ltr'>tautum</span> <span class='ocrx_word' id='word_1_382' title='bbox 1269 3995 1428 4060; x_wconf 87' lang='lat' dir='ltr'>malorum</span> <span class='ocrx_word' id='word_1_383' title='bbox 1445 4013 1513 4060; x_wconf 93' lang='lat' dir='ltr'>om-</span> 
     </span>
     <span class='ocr_line' id='line_1_43' title="bbox 398 4081 1513 4169; baseline 0.002 -23"><span class='ocrx_word' id='word_1_384' title='bbox 398 4081 488 4156; x_wconf 91' lang='lat' dir='ltr'>nium</span> <span class='ocrx_word' id='word_1_385' title='bbox 502 4083 596 4148; x_wconf 84' lang='lat' dir='ltr'>radix</span> <span class='ocrx_word' id='word_1_386' title='bbox 609 4084 764 4167; x_wconf 79' lang='lat' dir='ltr'>cupiditas</span> <span class='ocrx_word' id='word_1_387' title='bbox 779 4086 993 4169; x_wconf 90' lang='lat' dir='ltr'>occupaverit,</span> <span class='ocrx_word' id='word_1_388' title='bbox 1011 4090 1047 4149; x_wconf 93' lang='lat' dir='ltr'>ut</span> <span class='ocrx_word' id='word_1_389' title='bbox 1062 4084 1195 4151; x_wconf 90' lang='lat' dir='ltr'>alicuius</span> <span class='ocrx_word' id='word_1_390' title='bbox 1209 4082 1379 4157; x_wconf 81' lang='lat' dir='ltr'>Ecclesiae,</span> <span class='ocrx_word' id='word_1_391' title='bbox 1393 4101 1449 4148; x_wconf 87' lang='lat' dir='ltr'>seu</span> <span class='ocrx_word' id='word_1_392' title='bbox 1460 4103 1513 4149; x_wconf 92' lang='lat' dir='ltr'>cu-</span> 
     </span>
     <span class='ocr_line' id='line_1_44' title="bbox 395 4171 1512 4256; baseline 0.003 -21"><span class='ocrx_word' id='word_1_393' title='bbox 395 4171 492 4238; x_wconf 91' lang='lat' dir='ltr'>iusvis</span> <span class='ocrx_word' id='word_1_394' title='bbox 506 4174 674 4238; x_wconf 90' lang='lat' dir='ltr'>saecularis</span> <span class='ocrx_word' id='word_1_395' title='bbox 690 4175 737 4239; x_wconf 91' lang='lat' dir='ltr'>vel</span> <span class='ocrx_word' id='word_1_396' title='bbox 751 4174 907 4256; x_wconf 91' lang='lat' dir='ltr'>regularis</span> <span class='ocrx_word' id='word_1_397' title='bbox 920 4174 1083 4250; x_wconf 86' lang='lat' dir='ltr'>beneficii,</span> <span class='ocrx_word' id='word_1_398' title='bbox 1098 4173 1261 4240; x_wconf 84' lang='lat' dir='ltr'>Montium</span> <span class='ocrx_word' id='word_1_399' title='bbox 1275 4171 1417 4254; x_wconf 89' lang='lat' dir='ltr'>pietatis,</span> <span class='ocrx_word' id='word_1_400' title='bbox 1432 4173 1512 4238; x_wconf 90' lang='lat' dir='ltr'>alio-</span> 
     </span>
     <span class='ocr_line' id='line_1_45' title="bbox 396 4255 1513 4345; baseline 0.001 -20"><span class='ocrx_word' id='word_1_401' title='bbox 396 4277 529 4345; x_wconf 88' lang='lat' dir='ltr'>rumque</span> <span class='ocrx_word' id='word_1_402' title='bbox 540 4263 667 4345; x_wconf 88' lang='lat' dir='ltr'>piorum</span> <span class='ocrx_word' id='word_1_403' title='bbox 679 4263 822 4327; x_wconf 89' lang='lat' dir='ltr'>locorum</span> <span class='ocrx_word' id='word_1_404' title='bbox 830 4263 1076 4342; x_wconf 89' lang='lat' dir='ltr'>iurisdictiones,</span> <span class='ocrx_word' id='word_1_405' title='bbox 1088 4264 1183 4338; x_wconf 89' lang='lat' dir='ltr'>bona,</span> <span class='ocrx_word' id='word_1_406' title='bbox 1193 4279 1303 4327; x_wconf 90' lang='lat' dir='ltr'>census</span> <span class='ocrx_word' id='word_1_407' title='bbox 1314 4277 1350 4324; x_wconf 91' lang='lat' dir='ltr'>ac</span> <span class='ocrx_word' id='word_1_408' title='bbox 1361 4255 1513 4336; x_wconf 84' lang='lat' dir='ltr'>iura,lru-</span> 
     </span>
     <span class='ocr_line' id='line_1_46' title="bbox 396 4348 1513 4436; baseline -0.002 -20"><span class='ocrx_word' id='word_1_409' title='bbox 396 4356 476 4427; x_wconf 91' lang='lat' dir='ltr'>ctus,</span> <span class='ocrx_word' id='word_1_410' title='bbox 494 4352 721 4427; x_wconf 89' lang='lat' dir='ltr'>emolumenta,</span> <span class='ocrx_word' id='word_1_411' title='bbox 738 4370 792 4417; x_wconf 92' lang='lat' dir='ltr'>seu</span> <span class='ocrx_word' id='word_1_412' title='bbox 808 4370 1019 4436; x_wconf 82' lang='lat' dir='ltr'>quascumque</span> <span class='ocrx_word' id='word_1_413' title='bbox 1034 4351 1252 4428; x_wconf 86' lang='lat' dir='ltr'>obventiones,</span> <span class='ocrx_word' id='word_1_414' title='bbox 1269 4350 1351 4432; x_wconf 73' lang='lat' dir='ltr'>duae</span> <span class='ocrx_word' id='word_1_415' title='bbox 1365 4348 1401 4414; x_wconf 87' lang='lat' dir='ltr'>io</span> <span class='ocrx_word' id='word_1_416' title='bbox 1417 4349 1513 4415; x_wconf 92' lang='lat' dir='ltr'>mini-</span> 
     </span>
     <span class='ocr_line' id='line_1_47' title="bbox 395 4440 1513 4524; baseline -0.002 -20"><span class='ocrx_word' id='word_1_417' title='bbox 395 4445 537 4505; x_wconf 88' lang='lat' dir='ltr'>strorum</span> <span class='ocrx_word' id='word_1_418' title='bbox 547 4444 580 4504; x_wconf 92' lang='lat' dir='ltr'>et</span> <span class='ocrx_word' id='word_1_419' title='bbox 593 4457 765 4522; x_wconf 90' lang='lat' dir='ltr'>pauperum</span> <span class='ocrx_word' id='word_1_420' title='bbox 781 4443 983 4508; x_wconf 88' lang='lat' dir='ltr'>necessitates</span> <span class='ocrx_word' id='word_1_421' title='bbox 998 4441 1141 4508; x_wconf 91' lang='lat' dir='ltr'>converti</span> <span class='ocrx_word' id='word_1_422' title='bbox 1154 4440 1282 4524; x_wconf 80' lang='lat' dir='ltr'>debent,</span> <span class='ocrx_word' id='word_1_423' title='bbox 1297 4456 1355 4522; x_wconf 82' lang='lat' dir='ltr'>per</span> <span class='ocrx_word' id='word_1_424' title='bbox 1370 4457 1406 4504; x_wconf 91' lang='lat' dir='ltr'>se</span> <span class='ocrx_word' id='word_1_425' title='bbox 1420 4440 1468 4504; x_wconf 90' lang='lat' dir='ltr'>vel</span> <span class='ocrx_word' id='word_1_426' title='bbox 1480 4456 1513 4502; x_wconf 91' lang='lat' dir='ltr'>a·</span> 
     </span>
    </p>
   </div>
   <div class='ocr_carea' id='block_1_3' title="bbox 396 4527 1513 4616">
    <p class='ocr_par' dir='ltr' id='par_1_6' title="bbox 396 4527 1513 4616">
     <span class='ocr_line' id='line_1_48' title="bbox 396 4527 1513 4616; baseline 0.001 -25"><span class='ocrx_word' id='word_1_427' title='bbox 396 4529 507 4604; x_wconf 90' lang='lat' dir='ltr'>lios,vi</span> <span class='ocrx_word' id='word_1_428' title='bbox 520 4529 569 4595; x_wconf 89' lang='lat' dir='ltr'>vel</span> <span class='ocrx_word' id='word_1_429' title='bbox 581 4529 695 4594; x_wconf 90' lang='lat' dir='ltr'>timore</span> <span class='ocrx_word' id='word_1_430' title='bbox 708 4528 846 4606; x_wconf 90' lang='lat' dir='ltr'>incusso,</span> <span class='ocrx_word' id='word_1_431' title='bbox 859 4532 1024 4598; x_wconf 81' lang='lat' dir='ltr'>sedetiam</span> <span class='ocrx_word' id='word_1_432' title='bbox 1035 4550 1092 4616; x_wconf 89' lang='lat' dir='ltr'>per</span> <span class='ocrx_word' id='word_1_433' title='bbox 1102 4531 1277 4615; x_wconf 88' lang='lat' dir='ltr'>suppositas</span> <span class='ocrx_word' id='word_1_434' title='bbox 1288 4544 1439 4612; x_wconf 90' lang='lat' dir='ltr'>personas</span> <span class='ocrx_word' id='word_1_435' title='bbox 1450 4527 1513 4592; x_wconf 91' lang='lat' dir='ltr'>cle-</span> 
     </span>
    </p>
   </div>
   <div class='ocr_carea' id='block_1_4' title="bbox 0 0 1624 5282">
    <p class='ocr_par' dir='ltr' id='par_1_7' title="bbox 0 0 1624 5282">
     <span class='ocr_line' id='line_1_49' title="bbox 0 0 1624 5282; baseline 0 0"><span class='ocrx_word' id='word_1_436' title='bbox 0 0 1624 5282; x_wconf 95' lang='lat' dir='ltr'> </span> 
     </span>
    </p>
   </div>
  </div>
 </body>
</html>
