3238 5282
423 291 490 355 220
864 303 1008 355 morou.

380 454 465 518 ueri:
484 457 610 518 tentum
624 458 776 534 praestet,
789 453 903 533 quanti
916 453 1065 516 dominus
1080 451 1284 516 vendidisset.
1302 451 1386 517 Nam
1398 456 1433 514 et
1445 449 1506 514 do-

379 542 485 607 minus
497 541 668 608 servandae
681 546 729 606 est
743 540 916 614 indemnis
928 547 963 606 et
973 541 1001 604 si
1015 558 1065 606 res
1075 541 1225 614 creverit,
1237 540 1370 605 domino
1381 539 1501 604 crevit.

469 627 504 696 3.
523 628 713 712 Gompeuset
727 647 824 695 omne
838 629 964 694 tucrum
978 647 1116 707 camur,
1132 634 1208 712 pote
1222 629 1251 693 si
1264 628 1396 701 artifex,
1413 628 1504 692 abia·

381 718 424 785 tis
434 718 667 794 instrumentis,
685 725 788 786 artem
803 735 1023 784 exercereunn
1034 719 1394 803 potuerit;etdumnem
1400 734 1504 781 encr-

378 825 465 892 qeor,
484 813 563 888 pute
576 807 605 872 si
618 807 749 873 hiemali
772 814 917 889 tempore
932 809 1036 874 corius
1050 812 1158 892 emptu
1171 825 1310 881 annona,
1328 821 1428 889 quam
1445 823 1504 888 pa-

379 894 569 1050 }eriomilirs
586 897 644 963 nat
665 897 780 964 tritura
794 896 888 962 vilius
902 902 1127 981 comparasset,
1149 897 1212 962 nisi
1225 895 1360 979 pecunia
1376 894 1505 960 subiato

469 1071 504 1140 i.
515 1075 648 1140 Fructus
658 1074 833 1153 naturales,
851 1092 930 1158 quos
943 1074 1011 1140 sole
1027 1073 1155 1140 vulfere
1166 1074 1234 1138 sota
1243 1073 1369 1156 profert
1384 1079 1503 1137 natura
1529 1062 1531 1068 ’

378 1163 600 1247 (svtvrcmduo
609 1165 656 1230 vel
663 1165 811 1230 arborum
817 1164 928 1246 pomi),
936 1169 970 1230 et
979 1163 1089 1229 civiter
1095 1160 1412 1248 (mmapeeuninevel
1422 1179 1504 1242 pen—

378 1253 428 1317 sio
446 1253 569 1334 praedii
584 1251 704 1335 locati),
720 1269 761 1318 ex
774 1258 844 1319 toto
859 1253 1020 1326 resumet
1036 1253 1168 1326 trinos,
1183 1269 1247 1333 que
1261 1254 1355 1331 perte
1371 1254 1504 1314 nature-

380 1342 425 1406 les
443 1345 530 1416 sunt;
547 1345 698 1424 utrosque
714 1359 802 1413 vero,
821 1346 890 1407 tum
904 1342 1068 1423 quosipse
1082 1341 1229 1423 percepit
1247 1337 1395 1421 quamvis
1409 1355 1431 1402 a
1446 1339 1504 1402 do-

380 1429 470 1496 mino
486 1447 550 1494 non
564 1430 797 1512 percipiendos,
815 1436 883 1496 tum
894 1447 974 1512 quos
984 1429 1133 1500 domium
1143 1429 1278 1494 honeste
1288 1427 1503 1511 percepisset,

382 1521 444 1585 etsi
460 1520 528 1602 ipse
543 1537 608 1584 non
623 1522 818 1601 perceperit.

473 1609 508 1676 b.
522 1609 686 1689 Expensas
707 1609 1033 1674 necessariucmrvat.
1056 1607 1106 1672 Ex
1118 1605 1261 1682 utilibus,
1282 1621 1360 1687 quas
1380 1609 1503 1686 potest,

158 1701 179 1770 rt
195 1700 360 1767 mettid.
382 1698 452 1762 sine
468 1697 519 1762 rei·
530 1696 712 1779 dispendio,
730 1698 828 1773 toute
844 1701 966 1762 ceteras
977 1697 1048 1760 iure
1060 1695 1151 1760 civiti
1165 1695 1290 1760 omittit
1307 1693 1350 1776 1).
1363 1693 1504 1766 Verum,

135 1777 168 1848 ΙΙ,
183 1783 203 1830 ¹·
222 1779 240 1850 Ι.
255 1783 281 1842 i·
293 1780 339 1833 ³⁰·
382 1786 521 1870 aliquem
533 1786 573 1850 de
583 1786 634 1852 bis
642 1790 737 1867 atque
749 1785 971 1867 voluptuariis,
980 1785 1008 1850 si
1017 1784 1178 1852 mammae
1189 1783 1438 1859 succederem
1451 1783 1508 1847 bn-

381 1875 470 1950 bere,
488 1892 624 1956 aequum
636 1873 773 1941 videtur.
1237 1905 1243 1917 ι
1395 1945 1400 1951 ,

451 2003 455 2012 -
471 1963 546 2028 XV.
564 1964 778 2028 Pessessorem
792 1962 907 2028 dubiae
922 1961 997 2028 tidei
1013 1961 1123 2044 paucis
1136 1961 1356 2042 expediente.
1374 1959 1437 2026 lite
1459 1965 1509 2024 est

380 2051 435 2134 qui
452 2069 520 2114 rem
536 2050 674 2132 acquirit
687 2051 839 2116 dubitans
853 2068 893 2115 an
908 2050 951 2115 sit
962 2051 1080 2124 atienae
1095 2051 1225 2134 reliqui,
1238 2053 1410 2133 postquam
1421 2048 1507 2114 boda

380 2139 444 2204 ede
459 2139 676 2222 acquisiverit,
694 2139 845 2219 prudenti
861 2138 984 2204 laborat
993 2139 1209 2206 dubitatione.

467 2226 629 2309 inprime
649 2227 768 2307 specie,
785 2228 896 2294 sireni
911 2226 1058 2308 acquirat
1069 2234 1108 2295 ot
1122 2227 1255 2296 donnino
1272 2231 1390 2300 servm,
1418 2224 1509 2291 utilis

381 2316 584 2397 negotiorum
598 2320 706 2396 gestor
719 2315 867 2389 hebetum
879 2316 1134 2382 casus-fortuitos
1144 2319 1372 2396 noupreestotr
1385 2332 1508 2396 expen-

379 2423 428 2472 sus
437 2404 572 2488 repetit,
588 2405 625 2474 in
640 2405 690 2470 rei
698 2404 910 2486 acqusiocne
920 2406 1077 2479 modicos,
1090 2406 1124 2468 in
1135 2403 1379 2472 conservatione
1389 2417 1503 2468 neces·

378 2493 489 2558 serias.
506 2493 541 2560 si
556 2494 664 2557 animo
675 2492 738 2556 sibi
753 2493 890 2557 habendi
904 2493 1120 2575 acquisiverit,
1137 2511 1302 2576 possessor
1313 2492 1417 2558 meae
1427 2492 1506 2556 fidei

379 2583 491 2650 statim
505 2581 625 2648 evadit:
637 2599 708 2646 non
724 2586 833 2652 tomen
848 2598 886 2650 ea
901 2585 1044 2662 praestet
1057 2583 1174 2664 damno
1195 2599 1278 2666 quoe
1290 2581 1359 2664 ipse
1373 2579 1509 2662 ignore-

380 2670 475 2738 verit.

468 2760 507 2828 in
519 2760 620 2828 attera
634 2759 755 2840 speeie,
767 2759 918 2840 usquead
932 2764 1064 2826 exortae
1070 2758 1287 2828 demessis
1296 2762 1435 2840 tempus,
1446 2757 1507 2822 be

378 2865 438 2916 uae
449 2847 525 2916 tidei
537 2865 698 2930 possessor
707 2848 830 2912 extitit:
841 2848 895 2912 sed
905 2848 1503 2930 extuncdiligentiinvmtigrtiouedo-

379 2937 503 3002 minum
518 2953 672 3019 quaerere
687 2939 825 3002 tenetur.
842 2937 877 3004 Si
892 2934 1065 3014 invenerit,
1082 2955 1154 3002 rem
1167 2942 1205 3004 ut
1219 2937 1322 3002 bonae
1336 2935 1504 3018 fideipos-

376 3043 478 3091 sessor
488 3025 649 3091 restituet:
662 3025 690 3088 si
702 3042 766 3088 non
776 3023 948 3100 invenerit,
958 3027 1104 3108 inceptae
1109 3025 1317 3108 possessionis
1323 3024 1424 3090 titulo
1430 3043 1502 3091 rem

378 3114 542 3196 possidere
554 3118 589 3179 et
600 3113 725 3178 tructus
736 3114 922 3195 percipere,
940 3115 1102 3196 integrum
1114 3115 1168 3179 iili
1181 3115 1259 3180 erit.

467 3201 621 3278 Tandem,
638 3201 694 3287 qui
707 3202 866 3267 levissimo
881 3203 1034 3285 pretiose
1047 3204 1173 3269 domini
1184 3203 1318 3276 iutuitu,
1336 3206 1372 3266 ut
1384 3202 1420 3265 in
1430 3203 1500 3285 pri-

338 3375 342 3380 -
377 3291 1500 3464 teneritatemrecensere:areret

376 3470 504 3551 peribus
519 3468 701 3534 distribuat:
718 3459 799 3550 quae
813 3475 959 3538 censetur
967 3470 1307 3559 pmeumptadnnini
1319 3470 1480 3540 soluens.

467 3557 560 3628 xvl.
578 3556 655 3626 Post
669 3573 831 3648 perennes,
848 3559 948 3627 aetio.

470 3644 500 3707 1.
520 3646 654 3726 Auoteri
669 3645 806 3711 actionis
818 3650 924 3714 muco
935 3652 969 3717 et
977 3649 1188 3729 mosee,
1205 3648 1499 3730 damneimputan·

378 3735 443 3797 tur:
458 3734 516 3815 qui
531 3734 618 3798 enim
633 3751 760 3799 causam
774 3737 857 3811 vult,
873 3737 1261 3804 etteetusveltecensctur.
1272 3737 1499 3822 Quare-totum

376 3821 488 3908 domus
503 3822 625 3888 alienae
639 3823 873 3905 pretiumiatro
885 3825 1072 3909 praestabit,
1083 3827 1138 3909 qui
1149 3828 1218 3896 eius
1230 3825 1415 3910 estio,iicet
1425 3843 1498 3890 cao·

142 3911 353 3994 ttdteroticm,
376 3914 423 3986 te,
437 3911 545 3992 ignem
560 3911 708 3986 subiecit,
726 3929 820 3994 aquo
835 3919 905 3982 tota
919 3919 1030 3982 exuste
1041 3915 1141 3983 tuerit
1150 3913 1197 4001 2).
1261 3931 1263 3936 ·

129 3983 176 4042 Μ’·
203 3986 237 4062 Η,
260 4004 287 4046 0·
308 3991 352 4066 ¹⁷,
465 3999 498 4065 2.
512 3999 1497 4087 Siactioboccsitegenti,sedetiispericotoac,imputabitur

126 4065 151 4126 ⁸·
173 4064 216 4120 ¹²·
374 4088 402 4154 si
418 4088 540 4156 nullum
555 4090 605 4156 ius
619 4090 659 4156 ad
673 4088 764 4160 illam
778 4090 941 4159 habuerit:
957 4107 1037 4160 nom
1051 4112 1124 4159 cum
1139 4095 1247 4160 atiena
1262 4093 1406 4177 periculo
1422 4113 1496 4162 suae

372 4178 508 4246 utilitati
528 4180 704 4256 consulere,
726 4179 886 4270 iniquum.
906 4183 991 4248 ilinc
1005 4184 1061 4267 qui
1075 4189 1114 4249 ut
1127 4183 1218 4250 :feres
1232 4183 1372 4267 capiant,
1384 4183 1497 4250 ieveas

371 4266 405 4334 in
421 4268 590 4336 itineribus
605 4269 741 4346 iaciunt,
756 4271 786 4335 si
801 4273 873 4360 quis
888 4290 927 4338 ec
942 4272 1110 4349 deciderit,
1128 4274 1197 4356 tege
1212 4271 1343 4357 Aquiiia
1358 4271 1494 4354 migeti

122 4351 346 4498 teeti·
369 4355 842 4532 {attrectatus
850 4361 1494 4536 caesareensestrec

318 4561 320 4568 v
367 4536 515 4622 stipulam
531 4538 640 4622 iguem
651 4537 834 4618 immiserit,
848 4539 1080 4625 autimperitus
1097 4559 1254 4628 equorum
1261 4539 1403 4624 agitator
1416 4541 1490 4624 equi
