3224 5282
467 255 475 394 s
571 319 704 376 τιιιιιιι
719 321 766 374 ιιι.
1114 301 1177 372 tls

104 487 178 536 mur
193 469 248 552 qni
265 468 356 535 nobis
372 473 562 551 paraverunt
576 468 702 536 divitias
716 472 750 536 et
764 465 942 540 commoda:
965 466 1081 549 illaque
1096 485 1153 534 nos
1168 485 1224 534 au-

104 577 246 643 geamus,
259 559 395 640 posteris
410 559 561 625 tradenda
575 557 669 642 simul
683 563 717 646 et
731 558 883 640 augenda.
896 555 948 622 Sic
960 573 1021 620 una
1033 560 1118 622 uetes
1130 558 1224 623 alteri

105 649 206 714 aetati
222 649 398 724 adtulerat:
409 648 493 730 quod
510 665 572 712 une
586 647 719 722 invenit,
733 646 795 711 alia
810 645 933 727 expolit
947 641 980 712 'et
995 646 1131 727 perlicit.
1145 648 1224 712 Pro-
1271 669 1272 676 ¹

104 739 224 821 prietes
240 737 327 802 acuit
343 737 519 820 ingenium,
530 737 656 802 divitias
672 741 774 818 porat,
789 735 843 800 sed
859 753 923 800 non
938 733 1117 800 immobiles
1132 735 1222 809 iacit,

107 844 167 891 nec
182 843 292 891 eorum
307 827 429 892 iontem
443 825 603 892 exhaurit.
620 826 720 894 Sicuti
731 825 886 890 Homerus
902 824 979 889 nihil
992 823 1120 904 Virgilii
1135 825 1225 906 inge·

110 915 166 979 nio
181 919 216 980 et
230 914 551 996 virtutipraeripuit,
570 915 635 982 imo
650 915 787 1003 plurima
803 912 950 989 contulit:
968 914 1014 979 ita
1028 918 1156 979 exactae
1171 930 1237 996 ge·¹

110 1005 303 1076 nerotiones,
314 1005 549 1069 succedentium
565 1005 647 1070 nibil
660 1002 883 1077 serenasset
894 1013 1006 1084 mogon
1021 1002 1224 1068 contulerunt

111 1098 147 1156 et
162 1092 342 1158 conterunt.
367 1093 450 1158 Hinc
465 1093 621 1160 evolvitur
640 1109 737 1175 genus
752 1093 935 1166 homanum,
953 1092 1084 1165 ditatur,
1101 1092 1226 1172 perfici-

112 1185 178 1246 tur.
205 1181 255 1246 Ex
269 1180 409 1259 adverso,
432 1183 564 1247 absurda
579 1187 612 1248 et
626 1181 762 1265 puerilia
787 1183 959 1264 loquuntur
974 1178 1223 1247 Communistec.

111 1270 270 1335 Absurde:
294 1269 368 1353 quia
384 1289 543 1355 nunquam
563 1271 608 1338 ita
624 1289 686 1336 une
706 1271 869 1352 generatio
881 1269 1003 1343 delicit,
1028 1273 1064 1333 ut
1080 1269 1225 1350 sequenti

110 1363 231 1424 terram
243 1375 372 1423 vacuam
387 1359 558 1444 relinquat:
567 1360 789 1442 generationes
803 1360 1046 1432 interseruntur,
1058 1376 1121 1422 non
1133 1359 1227 1424 simul

110 1452 149 1511 et
162 1447 259 1512 semel
275 1447 475 1520 occumbunt.
491 1449 642 1514 Poetilio:
658 1467 743 1522 nem,
754 1448 894 1514 extincta
908 1446 1229 1530 proprietatenoete-

107 1539 211 1602 tutem
226 1537 265 1600 ed
281 1540 463 1618 perpetuam
479 1539 650 1618 pueritiam
667 1555 704 1603 ue
719 1541 937 1620 paupertatem
954 1536 1156 1600 adducerent.

201 1624 262 1689 Xl.
280 1625 330 1690 nd
345 1622 443 1691 ιι-
457 1628 587 1692 Terram
602 1627 690 1692 dedit
705 1628 789 1692 bens
803 1627 877 1709 filiis
891 1625 1063 1700 dominum,
1086 1628 1123 1689 ut
1137 1623 1229 1692 illam

108 1711 144 1776 in
161 1713 273 1778 sudore
287 1714 480 1780 excolerent:
503 1733 579 1797 ergo
596 1717 752 1782 exsultem
768 1715 828 1780 sibi
844 1715 1010 1778 heberent.
1036 1714 1156 1778 venos
1175 1731 1230 1778 ex-

108 1801 223 1882 plicite
238 1820 278 1866 ne
293 1802 424 1884 quidex
439 1821 473 1866 re
489 1805 592 1872 aliena
608 1808 871 1886 contrectaretur,
883 1805 948 1868 imo
964 1819 1065 1886 neque
1080 1802 1230 1885 eoncupi-

111 1893 267 1954 sceretur:
286 1891 390 1958 «Non
404 1892 526 1958 furtum
542 1893 669 1960 facies..
684 1940 693 1957 .
711 1895 783 1960 Non
800 1892 997 1974 concupisces
1012 1891 1141 1956 ἀοιιιιιιιι
1156 1909 1230 1974 pro-

110 1978 192 2042 ximi
209 1979 269 2053 tui,
288 1997 347 2044 nec
360 1981 471 2050 omnia
487 1999 566 2065 quae
581 1983 666 2051 illius
679 1987 753 2047 sunt
769 1980 817 2066 1).
839 2005 856 2044 ι
877 1979 1022 2046 Christus
1038 1984 1155 2053 autem,
1173 1980 1231 2044 do-
1273 1975 1474 2053 spanedat,

110 2065 231 2132 minice
246 2068 403 2142 oratione,
422 2070 555 2134 nimiam
571 2071 706 2136 habendi
720 2070 978 2143 sollicitudinem,
1005 2085 1069 2132 non
1084 2069 1232 2152 proprie-
1253 2058 1298 2129 ¹51
1317 2054 1360 2112 ¹⁷·

111 2157 213 2220 tutem
231 2156 382 2222 excludit.
391 2157 495 2237 Quam
505 2159 736 2243 proprietatem
749 2161 846 2242 primi
860 2159 969 2223 fideles
983 2157 1141 2238 integram
1154 2158 1232 2223 reti·

110 2249 264 2318 nuerunt,
286 2245 361 2310 dum
377 2247 445 2310 sola
460 2247 596 2312 ebaritas
611 2249 763 2330 quaedem
778 2249 925 2314 effecerat
940 2245 1132 2312 communia:
1155 2263 1229 2312 nam

108 2331 241 2416 quisque
256 2335 341 2414 quod
356 2334 451 2400 uellet
466 2334 631 2403 offerebat.
646 2338 759 2403 Petrus
773 2339 862 2402 enim
875 2336 1034 2402 Ananiam
1050 2352 1114 2399 non
1128 2336 1167 2400 de
1179 2335 1229 2400 in·

110 2417 248 2494 iustitie,
267 2421 320 2486 sed
337 2423 375 2486 de
391 2424 556 2488 mendacio
572 2426 733 2506 arguebat:
752 2445 770 2486 ι
788 2425 925 2499 Anania,
951 2441 1008 2488 cur
1022 2424 1159 2489 tentavit
1173 2423 1229 2490 Sa·

109 2512 201 2573 tenas
216 2527 274 2573 cor
289 2515 391 2587 tuum,
409 2513 540 2577 mentiri
557 2518 589 2579 te
601 2513 736 2596 Spiritui
752 2514 881 2589 Sancto,
899 2517 932 2578 et
947 2511 1087 2576 fraudari
1103 2512 1142 2576 de
1155 2529 1228 2594 pre·

110 2596 158 2660 tio
174 2597 259 2678 agri?
274 2598 389 2664 Nonne
405 2610 536 2665 manens
551 2603 605 2667 titi
619 2603 775 2678 monebat,
792 2606 826 2668 et
841 2600 1051 2668 venundatum
1067 2601 1102 2665 in
1123 2609 1179 2672 tua
1198 2619 1229 2666 e·
1416 2657 1418 2664 ι

108 2693 161 2748 rel
174 2688 339 2766 potestate?
354 2687 385 2773 2)
399 2711 417 2752 ιι
1270 2693 1297 2767 2l
1313 2693 1475 2767 Act.‚v‚s,

200 2774 278 2840 xil.
295 2776 345 2841 Ad
362 2777 395 2842 b.
412 2812 459 2826 -
472 2777 630 2844 Ecclesiae
645 2779 777 2846 Petrum
791 2778 982 2844 attendenda
998 2783 1046 2844 est
1061 2795 1162 2854 mens,
1180 2782 1229 2843 et·
1249 2769 1476 2857 lectantem.

109 2879 172 2943 que
187 2861 314 2944 integr'a
328 2865 509 2931 sententie
521 2866 713 2934 Labentibus
727 2868 837 2942 tertio,
862 2871 975 2950 quurto
991 2868 1180 2948 praesertim
1195 2870 1227 2932 et
1251 2845 1478 2976 ¹¹⁰⁸¹¹⁰¹¹23¹¹⁶⁰s¹k

108 2951 224 3030 quinto
240 2952 399 3018 Ecclesiae
414 2955 556 3031 saeculis,
579 2957 719 3038 undique
733 2975 884 3022 concusso
900 2955 947 3026 vel
961 2955 1067 3021 diruto
1082 2956 1226 3021 Romano
1250 2927 1336 3052 ment·
1379 2936 1479 3039 ‘ms

109 3038 261 3122 immrio,
279 3041 454 3108 diffidentie
469 3047 502 3108 et
517 3044 684 3127 cupiditas,
709 3050 745 3110 ut
760 3047 794 3110 in
809 3045 949 3129 politicis
963 3040 1225 3110 commotionibus
1248 3011 1479 3128 magma

108 3128 283 3210 contingit,
305 3129 440 3196 diuitum
455 3132 549 3196 corde
565 3133 598 3197 in
615 3150 766 3217 pauperes
789 3132 1042 3216 praecludebant.
1066 3133 1152 3197 Tunc
1167 3133 1226 3197 Pa·
1245 3161 1352 3203 norom
1368 3151 1401 3202 ιιι
1414 3150 1470 3202 Εσ-

109 3220 175 3280 tres
190 3221 224 3281 et
239 3217 399 3284 Ecclesiae
413 3220 567 3287 Doctores
582 3221 617 3286 in
633 3223 774 3287 crudeles
788 3221 915 3288 divitias
930 3221 1179 3287 insurrexerant:
1192 3225 1225 3288 et
1245 3219 1344 3314 eleeto·
1367 3225 1470 3278 Hiero-

109 3305 323 3386 praeessetis,
333 3305 519 3392 Cyprianus,
529 3309 676 3385 Basilius,
685 3309 930 3385 chrisostomus,
941 3307 1226 3374 Ambrosiusdon·
1245 3295 1431 3356 multilata·

108 3393 176 3458 dita
192 3411 260 3459 esse
274 3395 418 3460 universa
434 3397 473 3462 ed
487 3415 688 3466 communem
702 3399 846 3465 omnium
861 3399 969 3473 ritem,
994 3397 1223 3474 memorabant:

107 3481 266 3547 iustitiam
289 3485 540 3562 abenelicentia,
565 3506 661 3571 quum
676 3491 713 3554 de
728 3488 794 3553 uilo
814 3492 971 3569 ageretur,
997 3505 1060 3552 non
1081 3485 1225 3568 seiunge·

109 3570 198 3636 bant.
209 3571 302 3651 Quod
313 3589 353 3637 ex
364 3574 487 3641 obiecto
494 3577 655 3642 Ambrosii
671 3578 740 3643 loco
752 3577 998 3660 demonstretur.
1009 3576 1137 3640 Etenim
1151 3593 1226 3655 pro-

109 3661 267 3742 sequitur:
280 3680 297 3720 ιι
310 3661 394 3726 Dum
405 3680 519 3745 augere
532 3682 618 3748 opes,
637 3680 806 3748 aggregare
822 3665 982 3746 pecunlas,
996 3681 1148 3746 occupem
1161 3668 1226 3728 ter-

108 3765 158 3812 ras
171 3749 433 3838 possessionibus,
452 3759 612 3834 pmestere
627 3755 748 3820 diuitiis
764 3754 917 3836 cupimus:
935 3753 1072 3817 iustiliae
1087 3753 1227 3834 {minam

109 3839 264 3912 exuimus,
274 3837 504 3922 beneficentiam
514 3860 707 3908 communem
716 3842 889 3908 amisimus.
901 3843 1065 3922 Quomodo
1073 3841 1158 3905 enim
1168 3858 1227 3923 po-

111 3929 171 3991 test
183 3925 284 3992 iustus
300 3944 380 4002 esse,
390 3929 444 4009 qui
455 3930 561 3995 studet
576 3933 699 4012 eripere
715 3931 808 3996 alteri
824 3932 907 4013 quod
919 3931 979 3994 sibi
991 3930 1136 4013 quaerat?
1148 3927 1192 4013 3).
1206 3953 1224 3992 ιι
1266 3932 1292 4003 tl
1315 3937 1358 3991 De
1387 3934 1471 4011 Oss.,

109 4013 212 4094 lgitur
229 4014 262 4079 1:
279 4033 306 4081 s.
324 4016 523 4081 Doctornon
545 4020 585 4083 de
598 4021 710 4087 stricta
733 4020 857 4108 iustitie
873 4019 1026 4101 loquitur,
1049 4018 1102 4084 sed
1118 4019 1156 4082 de
1172 4018 1226 4083 illa
1247 4009 1269 4078 Ι,
1286 4013 1333 4068 ²8·

109 4100 263 4168 bonitatis
278 4104 382 4168 torma
398 4123 477 4187 quae
492 4107 649 4173 iustitiam
664 4108 759 4173 simul
775 4112 808 4173 et
821 4107 1064 4174 beneficentiam
1086 4107 1228 4189 comple·

107 4191 216 4256 ctibrr.
227 4193 262 4257 2.
275 4192 485 4259 Verissimum
500 4196 672 4262 creationis
687 4197 784 4261 linem
800 4196 921 4280 indicet
936 4197 1011 4261 dum
1026 4196 1085 4260 ait:
1102 4197 1229 4262 «Natu-

107 4295 143 4341 m
158 4281 430 4362 omnicoloribus
450 4284 484 4348 in
501 4303 669 4370 commune
692 4285 848 4368 proludit;
871 4291 983 4350 natura
999 4285 1047 4350 ius
1062 4302 1229 4349 commune

107 4368 283 4446 generarit.
302 4367 335 4436 3.
353 4371 425 4438 Non
442 4374 672 4457 proprietatem
687 4371 804 4456 arguit,
823 4366 1026 4440 sed'diuitum
1042 4373 1225 4454 ingluviem,

107 4455 179 4522 dum
194 4459 370 4524 concludit:
387 4480 403 4518 ι
418 4459 590 4544 Usurpatio
603 4462 653 4527 ius
667 4462 745 4528 iecit
761 4461 932 4544 privatum.
953 4485 970 4526 ιι
986 4462 1046 4527 Illa
1065 4457 1177 4540 nempe
1191 4479 1228 4524 u-

107 4547 250 4628 surpatio
265 4565 358 4631 quae,
384 4554 420 4614 ut
434 4549 658 4626 declaraverat,
679 4551 826 4634 pecunias
842 4549 995 4634 pecuniis,
1018 4548 1228 4632 possessiones
