3238 5282
424 258 488 328 idi
859 280 1012 333 arnano..

375 425 574 508 providendi,
595 445 662 509 qua·
678 421 832 493 naturalis
851 429 920 511 ipsa
936 421 1052 510 religio
1067 425 1203 512 potitur.
1220 427 1328 509 Quum
1341 429 1499 500 discretae

373 515 439 580 sint
453 520 628 599 potestates
641 517 855 584 ecclesiastica
871 523 905 584 et
917 516 1035 592 civilis,
1047 517 1237 600 puidixerit
1253 518 1498 588 bouaecaiesia-

374 605 453 669 stica
464 613 531 669 essa
542 605 623 669 bona
640 605 828 683 nationalia
845 606 899 672 iric
913 624 990 671 saue
1005 623 1070 670 non
1084 606 1191 672 minus
1204 605 1342 690 desipiet
1359 627 1455 692 quam
1470 610 1498 674 si

374 692 492 758 dixerit
508 710 578 759 meu
590 711 738 760 esse'sua.
753 694 788 761 Si
800 695 976 783 patheticus
990 694 1214 770 stanconam
1225 701 1259 762 et
1268 697 1420 765 Numinis
1436 698 1500 764 iul-

375 781 462 847 mina
479 782 620 864 parebis
637 784 665 847 si
678 785 792 850 saitem
806 785 915 860 homo,
932 801 1107 868 paupemm
1122 784 1334 862 miserebaris;
1352 787 1380 851 si
1397 802 1497 868 rapax

374 877 406 937 et
421 871 604 954 sacrilegus,
622 872 747 949 invade,
757 874 812 940 sed
828 873 980 941 Antiochi
994 879 1029 942 et
1041 873 1207 942 Heliodori
1222 874 1372 951 crimina,
1386 880 1421 942 et
1434 875 1500 941 ior-

374 966 407 1024 te
422 977 540 1041 poenas
556 980 618 1031 oon
634 961 778 1046 eiiugies.
965 971 969 978 '
993 963 995 970 ’

875 1199 992 1236 ⁶¹⁸⁶*
1075 1235 1080 1244 .

731 1373 761 1450 Τ
779 1371 795 1450 1
811 1371 841 1450 Τ
857 1373 887 1452 U
905 1361 1021 1450 L-US
1070 1371 1129 1452 iu,

521 1537 522 1542 ’
537 1547 752 1628 conuuuisru
766 1563 908 1618 messis
923 1567 966 1618 aa
980 1567 1122 1622 nourrius
1139 1548 1340 1638 russsrurr'o.

452 1730 473 1789 l.
486 1725 651 1801 Napoleonis
664 1728 811 1786 sententia.
828 1727 864 1783 il.
879 1726 982 1785 Violnta
996 1727 1024 1783 io
1037 1736 1093 1785 uno
1106 1728 1273 1801 proprietas,
1282 1719 1387 1792 ao'rruit
1396 1729 1423 1786 in
1434 1729 1496 1786 uni-

376 1809 473 1865 versis.
491 1807 541 1863 lli.
563 1801 782 1862 communiamus
795 1800 892 1876 legalis
907 1802 982 1874 apud
993 1801 1083 1860 Gallos
1095 1809 1182 1876 'atque
1196 1803 1288 1860 italos.
1304 1805 1349 1862 lv.
1365 1803 1433 1861 inda
1448 1821 1498 1876 po-

376 1882 480 1955 pularis
497 1879 712 1938 communismus
732 1879 892 1949 theoretice,
908 1879 940 1937 V.
955 1884 983 1936 et
996 1879 1023 1934 in
1037 1877 1127 1934 iactis.
1142 1880 1187 1937 vi.
1201 1878 1406 1952 Stipendiorum
1427 1880 1499 1936 iniu-

376 1959 419 2015 sti
432 1956 576 2029 promissio
592 1959 620 2028 et
634 1952 816 2011 fraudulenta.
832 1953 892 2010 Vll.
906 1954 1017 2012 Comitis
1036 1953 1072 2012 de
1087 1953 1223 2012 ffirabeau
1242 1953 1392 2027 sophistica
1410 1970 1499 2028 argu·

376 2033 523 2094 mentatio.
539 2030 612 2089 vill.
634 2029 789 2099 Principum
808 2027 981 2105 donationes,
999 2044 1050 2086 nee
1067 2031 1215 2102 gratuitae,
1231 2046 1282 2087 nae
1296 2029 1497 2088 rescindendae.

377 2108 425 2166 rx.
439 2108 559 2178 corpora
573 2103 689 2162 moralia
699 2105 726 2160 in
736 2103 819 2176 plena
828 2119 890 2160 asse
901 2103 970 2178 legis
982 2111 1116 2177 potestate
1126 2105 1253 2164 dictitant
1263 2106 1384 2163 rabulae.
1396 2105 1433 2162 X.
1446 2108 1500 2163 Fa·

377 2189 422 2240 vet
434 2189 557 2241 veterum
570 2180 752 2250 despotismus
767 2184 795 2236 et
809 2180 1065 2238 protestantismus.
1082 2179 1129 2238 Xl.
1145 2179 1199 2238 Sed
1212 2181 1355 2247 collectiva
1369 2183 1499 2253 proprie·

378 2265 420 2316 tas
433 2257 492 2315 iura
504 2255 587 2314 relert
600 2254 781 2328 singulorum=
798 2253 860 2311 xii.
880 2255 911 2311 ln
924 2271 1041 2328 corpora
1054 2255 1165 2314 moralia
1183 2256 1248 2313 nihii
1263 2256 1337 2314 ultra
1350 2257 1393 2314 ius
1405 2256 1499 2328 politi·

378 2349 451 2392 cum.
468 2332 541 2390 xiii.
564 2330 702 2388 Ecclesiae
722 2328 845 2387 divinum
865 2329 907 2388 ius
919 2329 1054 2389 existendi
1069 2339 1103 2389 et
1115 2331 1283 2404 possidendi.
1300 2333 1370 2391 xiv.
1385 2332 1499 2390 Servilia

378 2408 536 2480 admodum,
550 2421 601 2464 neo
614 2405 693 2477 plene
740 2405 841 2463 tiroliea
855 2405 1109 2464 iurisconsultorum
1124 2406 1258 2464 doctrina.
1271 2409 1326 2466 xv.
1344 2409 1498 2478 idopstrnm

378 2485 471 2555 tisous,
483 2483 555 2543 bona
569 2483 689 2538 vacantia
703 2482 725 2539 si
746 2483 753 2538 i
767 2480 914 2538 devorans.
927 2483 997 2541 livi.
1009 2485 1091 2540 Suam
1102 2485 1291 2540 Protestantes
1302 2483 1457 2551 deniesiam
1466 2499 1499 2540 o·

377 2560 457 2631 pibus
473 2557 580 2634 lutona,
595 2556 725 2634 Catholici
743 2556 864 2628 diripere
877 2573 912 2614 ao
929 2557 1071 2616 denudare
1089 2557 1213 2614 student.
1236 2559 1318 2616 xiil.
1341 2557 1499 2627 catholieo·

377 2650 439 2692 rura
451 2641 479 2692 at
488 2634 696 2692 protestantium
706 2632 885 2710 comparatio.
899 2633 995 2710 livill.
1007 2634 1128 2692 Obiecta·
1138 2632 1210 2690 xix,
1223 2635 1295 2692 Bona
1308 2650 1399 2707 sacra,
1410 2649 1445 2691 en
1455 2635 1508 2690 iu·.

375 2725 405 2768 re
418 2710 509 2768 divino
528 2705 700 2780 et'uaturali‚
721 2709 824 2765 trustra
842 2705 999 2768 alienantur
1012 2725 1028 2766 a
1041 2709 1111 2766 taiea
1124 2707 1269 2780 potestate.
1286 2709 1345 2766 XX.
1362 2709 1426 2781 ipsa
1437 2714 1498 2765 tnta

375 2792 440 2844 sunt
453 2785 590 2842 Ecclesiae
604 2783 763 2854 patrocinio,
778 2784 836 2840 iure
851 2789 963 2842 naturas
977 2790 1006 2842 et
1018 2784 1193 2858 populorum.
1206 2783 1279 2842 xxi.
1292 2787 1349 2843 ileo
1358 2799 1498 2842 commer-

374 2861 416 2919 cia
429 2861 566 2920 deficient.
582 2859 667 2918 xxii.
683 2859 840 2922 Conclusio.

461 3029 491 3094 l.
510 3025 625 3092 Aiebat
636 3024 769 3108 gallicus
779 3023 969 3112 imperator:
986 3025 1114 3092 «Sacra
1130 3043 1181 3090 res
1192 3030 1226 3092 et
1241 3024 1436 3092 inviolabilis
1450 3030 1500 3091 est

374 3117 564 3200 proprietas.
590 3116 661 3199 lpse
681 3111 740 3196 ego
756 3115 911 3196 Nepotem
929 3114 1057 3181 invictis
1071 3115 1272 3198 praecinctas
1290 3115 1497 3187 exercitibus,

375 3207 511 3288 agellum
526 3205 565 3270 ad
580 3223 632 3269 me
648 3205 776 3271 trahere
790 3203 968 3286 nequirem:
987 3221 1060 3268 nam
1076 3221 1133 3280 our
1144 3205 1201 3272 'rus
1216 3221 1452 3272 anormarnrrs
1464 3221 1498 3288 ru

150 3304 173 3376 r)
191 3300 300 3377 monce,
313 3299 355 3359 dc
375 3313 442 3361 uuo
456 3311 591 3369 vienna,
609 3312 643 3360 ru
659 3309 806 3360 ouuruus
821 3309 941 3360 sinuas
954 3292 996 3377 1).
1013 3316 1031 3356 s
1045 3292 1232 3364 verissime:
1249 3293 1337 3358 idern
1348 3293 1437 3358 enim
1449 3293 1500 3358 ius

126 3375 353 3443 cossestd'ntct,
376 3382 409 3446 in
425 3401 499 3455 uno,
516 3379 600 3464 qnod
616 3381 649 3446 in
665 3382 826 3456 omnibusr
837 3383 1049 3463 eoquo'semel
1066 3382 1190 3463 publica
1203 3381 1272 3464 lege
1282 3382 1447 3455 subverso,
1462 3381 1497 3446 in

131 3457 163 3510 ¹⁸
177 3455 252 3524 ⁵⁰⁹¹·
272 3454 353 3509 ¹⁸⁰9·
376 3472 836 3536 omnibussubvertetur.idaec
848 3470 903 3536 iile
919 3471 1152 3554 imperatorqui
1167 3489 1228 3536 non
1246 3471 1345 3537 traxit
1362 3471 1501 3552 agelium

376 3560 430 3624 sed
449 3574 558 3640 regna,
577 3560 770 3640 aequitatem
784 3559 818 3622 in
835 3558 932 3624 dictis
948 3558 1125 3642 proterens,
1139 3559 1331 3624 iniustitiam
1344 3559 1378 3622 in
1392 3559 1499 3626 iactis.

402 3665 404 3676 ⁴
465 3649 509 3728 11.
528 3648 663 3722 Revera,
682 3665 786 3730 quum,
798 3665 909 3712 omnes
924 3649 1136 3732 proprietates
1152 3649 1245 3716 unius
1267 3649 1334 3715 sint
1357 3649 1500 3729 generis,

375 3745 501 3820 unoque
516 3737 653 3802 naturali
669 3736 738 3802 iura
755 3737 910 3818 nitantur,
929 3756 966 3802 ea
982 3737 1034 3807 die
1050 3737 1238 3802 universalis
1254 3738 1435 3821 proprietas
1452 3733 1504 3802 in-

375 3826 499 3898 teribit,
516 3825 768 3910 qua'respubiiea
783 3826 913 3899 domum
930 3827 977 3892 vet
990 3844 1115 3908 agrum,
1129 3827 1279 3908 cuiusque
1292 3827 1348 3901 sit,
1363 3825 1435 3891 iure
1446 3826 1504 3891 do·

374 3914 549 3978 minii-sitii
564 3913 781 3998 adscripserit.
805 3913 944 3990 liiidie,
962 3915 1154 3998 Babylonica
1176 3917 1223 3979 vei
1240 3915 1438 3998 Aegyptiace
1454 3915 1507 3979 in-

373 4003 565 4079 staurabitur
577 4003 956 4086 captivitascsalserviiis
967 4003 1163 4070 Graecorum
1175 4003 1322 4068 doctrina
1338 4004 1505 4086 de'supre·
1605 4023 1609 4032 ·

357 4111 427 4170 mo
443 4091 570 4176 imperii
592 4091 625 4154 in
642 4110 691 4158 res
706 4093 824 4158 civium
841 4092 998 4157 dominio.
1017 4092 1100 4158 Aliis
1119 4093 1235 4166 verbis,
1253 4092 1306 4156 iric
1321 4099 1371 4158 est
1389 4092 1504 4174 legalis

373 4182 477 4247 iiieet
490 4179 923 4264 politicudoommrsoismus‚
941 4199 1035 4265 quem
1056 4181 1128 4245 novi
1147 4183 1336 4266 populorum
1353 4181 1506 4245 domina·

373 4279 473 4346 toros,
488 4274 654 4353 postquam
671 4271 704 4336 in
716 4269 875 4338 Ecclesiae
887 4270 1113 4336 auctoritatem
1127 4271 1295 4351 protestati
1309 4269 1454 4344 fuerant,
1470 4272 1505 4335 io

373 4361 551 4426 universam
563 4364 774 4442 protestantes
788 4359 987 4434 societatem,
1002 4358 1174 4423 instituere¹
1183 4358 1321 4440 aggressi
1333 4365 1422 4424 sunt.
1432 4359 1506 4425 Pri·

375 4468 461 4514 mum
476 4447 699 4522 ecclesiastica,
713 4447 827 4512 deinde
838 4442 941 4513 civilis
952 4447 1087 4512 societas
1100 4447 1132 4511 in
1146 4448 1298 4512 iudicium
1313 4447 1501 4512 vocabatur.

465 4540 523 4606 111.
542 4538 690 4603 Fulmina
706 4537 765 4601 hoc
786 4541 870 4601 taeta
886 4536 1025 4620 primunr
1041 4535 1265 4612 Galliaanno
1283 4533 1388 4609 lustu
1409 4535 1504 4602 italia
