3238 5282
380 459 902 543 ²3T1t¹utusxva

343 652 498 742 ssaiarus
516 667 725 719 sanunearua
740 669 761 717 u
778 669 853 720 sunu
868 669 1032 722 exarsura.

7 871 10 898 ,
163 853 169 864 ,
201 826 223 881 l.
239 824 374 899 Religiosa
388 823 533 884 servorum
547 828 722 885 manumissio
740 828 792 884 sub
805 828 994 888 Constantino.
1012 830 1046 886 ll.
1063 829 1251 887 llanumissie-

7 899 10 914 '
122 915 345 978 uumgexeessus,
355 902 403 960 sed
413 901 546 960 laudabile
555 902 706 960 consilium.
717 903 766 960 lll.
776 906 889 976 Augusti
901 905 976 978 leges
989 906 1131 964 adversae:
1143 906 1251 963 exscin-

7 961 11 1004 Ι
118 975 212 1033 denda
226 979 353 1051 societas,
369 983 400 1034 ut
413 993 483 1036 nova
501 985 691 1052 consurgeret.
707 978 752 1038 lv.
767 982 840 1050 Quae
854 979 991 1053 religionis
1006 997 1086 1054 pars,
1102 983 1252 1038 manumis-

120 1049 307 1110 sionis‘iorme
319 1053 510 1117 1111111111111ΝΙ
521 1055 651 1126 Gregorio
664 1054 761 1128 llagno
774 1055 910 1125 pontifice,
920 1057 1038 1114 Romana
1047 1057 1168 1114 Ecclesia
1182 1058 1254 1116 cirili
1277 1091 1279 1096 ·

7 1141 10 1182 1
119 1130 173 1183 iam
187 1133 215 1184 et
227 1129 414 1186 ecelesiastica
428 1135 562 1201 potestate
576 1131 602 1187 in
617 1130 779 1202 populorum
791 1130 942 1188 libertatem
955 1123 1094 1190 uteb'atur.
1103 1135 1148 1190 vl.
1158 1131 1250 1206 Neque

117 1205 222 1260 atbairi
236 1219 355 1278 unquam
369 1219 385 1260 a
397 1205 531 1263 libertatis
544 1203 674 1263 beneficio
691 1197 806 1276 depulsi.
821 1206 879 1264 vit.
895 1207 953 1264 Non
966 1217 1042 1266 recte
1056 1209 1160 1266 Gulaot.
1176 1206 1248 1267 lllll.

119 1279 305 1338 ladelicientie
318 1279 458 1340 Ecclesiae
472 1281 560 1338 studia
573 1289 601 1338 et
616 1281 720 1339 labores
733 1282 760 1338 in
775 1285 941 1339 servitutem.
955 1284 1001 1343 tx.
1016 1284 1064 1344 Vel
1081 1279 1250 1342 christianis-

120 1361 195 1427 mus;
211 1357 252 1414 vel
267 1359 396 1416 servitus:
410 1360 488 1415 cuius
503 1371 632 1427 praesens
648 1360 785 1415 renovatio
798 1366 871 1414 esset
885 1360 1063 1416 socialismus.
1076 1361 1111 1418 X.
1123 1363 1250 1434 Summo-

119 1446 184 1486 rum
198 1433 356 1490 Pontificum
370 1435 396 1492 iu
409 1435 574 1508 Nigritarum
589 1435 780 1490 commercium
792 1433 938 1505 Epistulae.
955 1437 1002 1492 lll.
1020 1437 1161 1492 American
1174 1438 1251 1493 inco·

7 1499 9 1542 1
120 1508 161 1562 tas
178 1509 336 1565 missionnrii
351 1517 472 1583 tuentur3
488 1523 550 1566 sero
565 1509 650 1584 leges.
667 1509 728 1567 illl.
744 1511 883 1567 Horrenda
897 1511 1061 1582 reipublicae
1076 1513 1133 1567 iura
1143 1528 1175 1566 ex
1188 1512 1250 1568 Pla·

117 1591 183 1640 tone
196 1593 224 1640 et
236 1583 395 1642 Aristotele.

209 1751 281 1817 tsi
290 1751 454 1816 doctrinae
462 1767 694 1826 morasmoras
702 1756 808 1826 autem
816 1752 962 1833 gentium
972 1753 1056 1834 leges
1064 1751 1248 1830 efformant3

115 1840 260 1905 servituti
277 1857 294 1908 e
310 1842 453 1922 gentium
469 1839 715 1924 christianarum
731 1841 851 1922 legibus
866 1847 934 1906 erat
949 1842 1149 1908 exulandum.
1167 1841 1250 1910 Nam

7 1953 9 1992 ε
114 1929 291 1994 christiana
306 1931 511 1995 mansuetudo
528 1931 606 1997 adeo
619 1931 821 1998 ethnicorum
833 1947 958 2014 quoque
969 1931 1092 1995 animos
1104 1933 1251 1998 emollire

7 2055 8 2080 2
114 2023 331 2102 coeperat,ut,
344 2019 487 2085 Adriano
497 2024 529 2084 et
538 2021 705 2086 Antonino
717 2019 977 2103 imperatoribus,
989 2038 1006 2083 a
1019 2039 1181 2086 servorum
1194 2024 1250 2088 do-

7 2143 8 2154 .
115 2109 215 2188 minis,
228 2107 266 2170 ad
283 2108 499 2189 magistratus,
517 2109 567 2174 ius
583 2111 667 2175 vitae
690 2115 723 2174 et
740 2109 826 2173 necis
841 2110 1028 2176 translatum
1044 2108 1156 2176 fuerit.
1174 2111 1248 2184 Sed,

113 2195 325 2262 Constantino
342 2198 498 2282 principe,
514 2216 585 2262 vere
601 2215 715 2284 magna
731 2198 936 2263 innovantur:
952 2201 1073 2280 primus
1085 2201 1172 2265 enim
1188 2203 1250 2267 im·

113 2287 295 2368 parantium
309 2287 434 2367 publice
449 2287 643 2352 christianae
658 2287 772 2371 pietati
786 2305 901 2352 nomen
914 2289 1056 2353 dederat.
1072 2289 1148 2353 Eius
1165 2288 1249 2356 Con·

7 2399 8 2438 1
112 2376 349 2448 stitutio,·anni
367 2373 446 2450 312,
464 2377 576 2441 durior
586 2375 687 2442 adbuc
699 2377 727 2441 si
742 2393 814 2441 cum
828 2378 946 2441 nostris
963 2378 1105 2442 moribus
1120 2398 1249 2462 compa·
1293 2400 1316 2474 1)
1338 2404 1369 2462 g,
1396 2405 1436 2476 9,
1463 2407 1495 2462 ρ,

7 2489 8 2510 i
114 2465 914 2549 retur,novaetamenhumanitatissignumproeo
928 2468 1248 2548 temporeexistima-
1268 2478 1383 2550 reson,
1409 2479 1446 2537 da
1469 2498 1498 2537 a·

114 2555 202 2620 bitur
219 2553 268 2636 1).
287 2546 375 2618 Idem
392 2556 673 2620 manumissionem
690 2556 723 2618 in
741 2555 881 2619 Ecclesia
898 2556 965 2620 lieri
981 2557 1139 2638 permisit,
1156 2577 1248 2642 prae·
1267 2553 1497 2628 mandatora-‚3

7 2679 8 2708 1
113 2643 256 2708 sentibus
271 2642 441 2724 episcopis,
460 2645 550 2728 quasi
565 2644 729 2726 religionis
744 2645 903 2709 dictamen
916 2650 950 2708 et
961 2645 1142 2711 consilium:
1157 2667 1247 2714 nsua·
1267 2632 1358 2702 ”nme
1371 2631 1402 2688 ⁶·
1414 2633 1496 2702 Μ’

7 2755 8 2798 1
113 2749 213 2798 crosa
229 2749 344 2797 naurs
362 2733 394 2806 2)
409 2731 462 2816 (a).
481 2733 552 2815 lpse
567 2733 691 2799 clericis
707 2733 855 2799 omnibns
872 2750 979 2797 servos
991 2749 1063 2798 suos
1079 2736 1112 2799 in
1128 2737 1248 2818 plenis-

1267 2707 1330 2763 eod.
1348 2709 1390 2764 tit.

7 2845 8 2886 l
113 2821 230 2886 simam
254 2821 434 2893 libertatem
451 2821 638 2888 dimittendi
662 2822 844 2888 facultatem
860 2823 1004 2897 indulsit,
1022 2823 1161 2906 simplici
1176 2845 1245 2892 ver·
1265 2856 1296 2912 0,
1324 2859 1359 2930 1¹,
1387 2856 1423 2914 p,
1449 2859 1498 2916 p„

7 2961 8 2964 .
112 2911 176 2974 bali
193 2911 408 2984 concessione,
427 2913 513 2977 nulla
528 2912 733 2978 solemnitate
750 2909 794 2994 3).
813 2911 881 2992 Qua
898 2913 979 2993 lege,
998 2912 1159 2998 Godelroy
1175 2917 1245 2981 ani·
1264 2932 1498 3005 antanaclasis,-

111 2998 543 3071 madvertente,clericorum
558 3002 660 3084 pietas
672 3006 705 3067 et
720 3003 754 3066 in
768 3001 947 3066 libertatem
959 3003 1129 3084 propensio
1141 3005 1244 3069 deela—
1262 3016 1291 3064 et
1310 3008 1341 3064 G.
1361 3009 1424 3085 Tb,
1446 3009 1494 3066 tib.

111 3093 236 3154 rantur:
247 3090 301 3170 qui
314 3092 346 3152 et
359 3089 710 3174 legemabimperatore
721 3091 1010 3172 expostulaverant,
1021 3095 1054 3155 et
1066 3092 1164 3158 veluti
1178 3095 1245 3174 cpl-
1263 3084 1291 3156 4,
1307 3086 1351 3166 tit.
1370 3083 1395 3140 i.

113 3179 215 3242 latum
229 3178 294 3242 sibi
303 3178 701 3261 beneficium'aeceparant.
712 3181 929 3247 Pulcherrima
941 3185 1047 3244 autem
1061 3179 1120 3245 hac
1132 3181 1181 3245 via
1193 3181 1244 3248 in·
1288 3158 1314 3230 3)
1335 3159 1365 3215 ⁰·
1381 3160 1445 3233 Th,
1461 3159 1496 3216 ἰθ

111 3267 227 3331 cedens
242 3266 480 3345 Constantinus,
498 3269 533 3334 ni
547 3273 691 3353 tempora
703 3270 914 3341 obstitissent,
931 3287 948 3328 n
968 3287 1116 3350 magnam
1131 3235 1494 3336 hume-”⁸“⁷¹¹‘”¹·⁶”⁰⁶⁶²·

112 3356 146 3420 ni
162 3358 288 3439 generis
303 3363 429 3440 partem
445 3357 479 3423 ib
495 3357 622 3425 civilem
637 3359 817 3426 libertatem
833 3357 1019 3426 vindicasset
1034 3357 1082 3444 b).
1102 3381 1120 3421 u
1248 3354 1495 3490 infelicem

1363 3475 1370 3504 2

190 3519 231 3594 lul
246 3521 286 3579 Eu
299 3521 470 3580 Condantini
484 3521 584 3594 legem,
599 3527 781 3582 renouatama
797 3521 957 3580 lustininno:
976 3542 987 3572 1
1005 3521 1167 3592 Iamdudum
1182 3523 1243 3596 pla·
1261 3506 1332 3564 Mil·

113 3597 182 3668 cuit,
192 3603 222 3654 ut
238 3597 264 3652 in
275 3598 402 3656 Ecclesia
416 3597 549 3656 catholica
564 3597 715 3656 libertatem
725 3600 826 3657 domini
837 3600 893 3654 suis
903 3597 1010 3654 amotis
1025 3606 1166 3670 praestare
1179 3615 1243 3670 pos-

28 3671 31 3679 '
110 3673 179 3742 siut,
191 3678 222 3730 ut
240 3673 290 3731 sub
303 3681 417 3746 aspectu
434 3675 529 3748 plebis,
540 3673 736 3732 adsistentibus
750 3676 961 3732 Christianorum
975 3675 1155 3749 antistitibus,
1168 3675 1194 3733 id
1204 3675 1251 3734 ta:

110 3748 195 3804 ciant.
208 3749 345 3807 »Deinde
359 3751 438 3820 nQui
452 3767 593 3812 asanemsa
606 3768 694 3808 usura
707 3752 734 3809 iu
749 3750 888 3808 Ecclesiae
902 3750 1006 3824 gremio
1017 3752 1103 3806 serris
1114 3752 1171 3808 suis
1184 3767 1243 3807 me·

114 3824 197 3880 ritam
212 3829 398 3884 concesserint
413 3826 577 3898 libertatem,
588 3828 713 3885 eamdem
727 3843 760 3884 eo
775 3827 831 3884 iure
845 3827 960 3883 donasse
975 3827 1130 3900 videantur,
1140 3844 1193 3900 qno
1203 3830 1242 3884 ei·

114 3900 185 3954 sitas
194 3914 306 3957 romana
318 3902 537 3959 solemnitatibus
548 3902 673 3960 decursis
683 3903 743 3960 dari
753 3904 904 3960 cousuevit.
914 3903 965 3958 Sed
975 3903 1025 3958 boc
1035 3902 1177 3960 dumtaxat
1188 3903 1240 3971 his,

111 3977 158 4046 qui
173 3975 226 4032 sub
239 3985 393 4049 conspectu
406 3981 562 4035 antistitum
576 3979 712 4052 dederint,
726 3979 829 4050 placuit
843 3978 960 4034 relaxari
978 3999 989 4029 1
1007 3979 1047 4046 tl..
1069 3983 1077 4034 t
1096 3977 1242 4054 C.,atelstsj

112 4055 164 4122 qui
177 4055 211 4108 ln
224 4053 327 4110 eccles.
343 4054 421 4128 atel.
432 4055 462 4111 ln
477 4056 546 4111 banc
560 4055 650 4127 legem
662 4056 840 4128 Augustinus:
852 4056 994 4110 aservnm
1005 4061 1082 4110 tuum
1096 4055 1242 4111 manumit·
1359 4063 1363 4072 “

109 4125 225 4184 tendum
241 4129 403 4186 manudueis
423 4131 449 4188 in
463 4131 620 4188 eeclesiam.
635 4133 678 4188 Eit
698 4133 847 4200 silentium,
863 4132 997 4188 recitatur
1017 4129 1136 4204 libellus,
1152 4137 1200 4187 aut
1214 4132 1242 4188 ta

110 4202 239 4261 desiderii
257 4206 474 4278 tuiprosecutio.
490 4207 562 4265 Dicis
582 4215 608 4264 te
623 4223 730 4265 servum
744 4214 822 4266 tuum
836 4209 1037 4278 manumittere,
1053 4206 1128 4279 qnod
1148 4207 1195 4263 tibi
1215 4209 1242 4264 iu

109 4279 234 4336 omnibus
250 4279 403 4342 servaverit
416 4283 523 4341 iidemu
543 4283 808 4356 (Sarm.tll.Quam
823 4284 910 4340 mirus
922 4283 1096 4340 humanitatis
1111 4297 1242 4354 progres-

111 4355 169 4411 sus!
183 4353 321 4415 Eudemia
335 4357 406 4430 loco,
415 4360 512 4417 eodem
524 4367 667 4432 praesente
675 4361 811 4432 religionis
822 4361 954 4431 antistite,
963 4357 1171 4428 suospiritualis
1182 4373 1240 4414 ser-

110 4431 184 4486 vitus
198 4430 411 4507 disiplvebatur,
427 4435 496 4494 baec
510 4437 617 4494 deiecta
627 4437 760 4498 harmanno
771 4435 885 4493 lamiliae
896 4435 1018 4492 membra
1033 4436 1057 4490 in
1072 4427 1180 4491 civilem
1195 4447 1240 4489 re·

110 4507 282 4564 uocabantur
297 4509 459 4568 libertatem.
475 4513 559 4570 Cuius
573 4519 666 4570 autem
679 4527 745 4569 voce
759 4518 787 4568 et
799 4509 978 4568 auctoritate?
989 4509 1117 4581 Episcopi
1134 4513 1202 4566 autu
1215 4509 1240 4565 id

110 4583 1239 4661 peragebatur,qnodantesimperiilegibnsetlormulitatibuseratextorquendum.

1001 4661 1045 4726 26

1286 2783 1496 2848 statua,
1610 2751 1611 2754 ‘
