3238 5282
424 306 490 372 ele
871 325 1046 393 orauere„

376 477 518 555 ceptum:
531 469 588 538 oui
600 471 760 554 integrum
776 473 819 538 sit
832 472 1021 544 renunciare
1033 475 1164 556 propter
1178 470 1319 554 adimere
1334 467 1506 542 terrereris,

377 560 534 642 simulque
549 559 697 626 heroicae
716 559 881 630 charitatis
899 561 1106 646 sucrificium.
1128 559 1260 644 Excipe,
1283 559 1345 628 nisi
1367 559 1434 624 rua
1455 561 1508 624 tue

377 649 518 719 familiae
534 654 589 719 aut
607 651 740 734 patriae·
751 652 987 732 quammaxime
1006 652 1050 718 sit
1071 649 1260 734 necessaria,
1288 649 1338 714 sel
1357 648 1507 730 eggresso

376 755 561 802 succurrere
576 736 702 816 debeas,
712 740 796 824 quod
811 740 952 808 officium
963 744 1010 809 est
1021 739 1135 818 militis
1146 755 1222 822 erga
1234 736 1360 826 doeens,
1371 737 1422 802 vel
1433 737 1508 814 sule

375 827 438 894 diti
452 842 528 909 erga
542 825 736 910 prinoipem.
745 828 852 910 Quum
866 833 975 896 autem
990 833 1095 906 tolum
1111 830 1161 900 ius
1176 833 1267 902 tuum
1279 826 1415 902 excitae
1428 843 1507 892 eon-

374 917 557 996 servatione
568 914 842 1001 patescarmen
853 924 978 992 tantum
989 919 1071 991 iuste
1083 917 1163 994 fient
1174 933 1254 1002 quae
1265 917 1305 984 ad
1316 914 1504 996 serrandum

375 1005 473 1074 vitam
487 1005 656 1072 sufficient:
671 1007 756 1092 quod
768 1009 947 1092 appelletur
958 1010 1160 1087 moderamen
1177 1005 1358 1086 inordpotue
1374 1005 1502 1084 tutelae,

375 1094 483 1182 sieque
499 1095 706 1166 Innocentius
717 1097 765 1164 lll
781 1102 991 1180 expresserat:
1014 1117 1031 1158 o
1049 1095 1201 1176 Quamvis
1218 1095 1284 1164 vim
1301 1094 1332 1160 ri
1348 1093 1504 1177 repellere

375 1201 485 1247 omnes
497 1185 581 1264 leges
592 1190 625 1261 et
637 1185 746 1261 omnia
758 1186 827 1252 iure
838 1188 1042 1269 permittant,
1060 1191 1168 1256 tanen
1187 1184 1221 1256 id
1239 1184 1333 1253 debet
1344 1183 1418 1251 teri
1430 1201 1503 1264 curn

375 1273 595 1356 moderamine
607 1273 788 1360 inculpatae
796 1276 928 1352 tutelae,
939 1273 1248 1347 nonadsumepdam
1258 1272 1504 1352 vindictamsed

11 1417 12 1468 Ξ
152 1365 355 1458 desperent·
375 1363 414 1430 ad
432 1362 583 1466 iniuriam
600 1363 843 1466 propulsandam
862 1361 904 1450 1).
921 1365 1041 1446 »Ergo
1054 1364 1082 1428 si
1097 1363 1264 1441 vulnerare
1274 1361 1504 1463 sufficiempoe

11 1471 12 1526 a
123 1440 353 1591 creseere:
374 1450 1503 1626 ternistatoreslentescerent:

11 1629 12 1704 i
129 1596 156 1664 ⁵¹
177 1594 219 1648 ¹²'
374 1631 635 1715 Densum-quum
649 1649 745 1715 omne
761 1619 1019 1714 iustuunsevita
1032 1609 1429 1712 euescttumaeuae'rita
1441 1613 1505 1704 nri-

374 1737 452 1784 nora
465 1721 673 1798 sunt-eliens
686 1726 790 1791 morte
804 1721 923 1792 servari
936 1739 999 1794 nou
1016 1725 1158 1803 possunt,
1178 1718 1240 1784 nisi
1254 1719 1338 1786 vitre
1349 1717 1504 1797 coniunc-

375 1809 499 1878 tissimo
515 1811 593 1884 siet,
612 1811 660 1880 vel
676 1811 706 1878 ei
723 1810 956 1898 aequiperando
973 1809 1027 1895 (a).

452 2006 493 2078 tal
502 2006 661 2077 utspnmmr
675 2021 739 2065 num
753 2004 805 2079 tur,
817 2006 861 2067 rol
872 2004 1016 2078 pudicitiae
1029 2019 1185 2077 repressor,
1195 2003 1265 2068 licite
1279 2001 1365 2066 rmsiffi
1379 1997 1498 2074 perdor.

376 2083 398 2138 Ε
417 2081 633 2146 Procedentibus
652 2081 878 2154 putrelluddeus,
899 2096 991 2146 rerum
1006 2081 1148 2143 solemma
1166 2078 1350 2144 delectionem
1362 2078 1436 2142 licite
1450 2097 1501 2143 su⁴

376 2157 487 2304 23ἑὲἓέ
499 2156 795 2306 ttzt‘tlllltl
808 2156 925 2288 llll*
935 2149 1500 2304 tmtltltpttlltlttltllftt

377 2306 449 2364 licite
463 2316 578 2364 mortem
593 2273 682 2376 inferri
696 2273 848 2378 contendit,
867 2328 878 2357 r
895 2306 976 2364 modo
990 2323 1036 2382 res
1050 2321 1101 2377 non
1116 2310 1150 2363 sit
1163 2306 1306 2379 eiusmodi,
1330 2313 1360 2365 ut
1373 2312 1500 2364 contern-

378 2382 405 2438 ni
419 2391 569 2454 mereatur,
628 2384 713 2455 etqui
728 2397 772 2439 res
786 2390 892 2439 nostros
906 2391 1032 2455 ereptum
1048 2385 1130 2454 veuit,
1145 2383 1173 2437 in
1187 2381 1315 2438 iudicium
1329 2381 1428 2438 odduci
1444 2399 1498 2438 noo

380 2460 468 2528 possit
481 2481 492 2510 s
506 2459 560 2532 (lle
570 2459 714 2534 osfilrom.
726 2464 753 2516 et
764 2462 833 2530 clm,
844 2458 891 2514 lib.
904 2459 926 2530 l,
938 2475 964 2516 o.
976 2460 1009 2531 V,
1021 2465 1048 2524 s.
1062 2458 1121 2526 ²³l·
1134 2457 1321 2530 indulgentior
1330 2457 1420 2517 edom
1429 2457 1501 2514 Ber-

380 2533 534 2608 beyrseius:
551 2555 562 2587 r
576 2539 633 2604 Qua
646 2535 833 2604 rumperemus
847 2540 952 2605 potero,
962 2551 995 2592 en
1010 2535 1054 2590 lur
1068 2533 1173 2602 nonnisi
1188 2547 1246 2599 rem
1258 2533 1361 2601 minium
1373 2534 1499 2603 protilo-

381 2608 509 2670 bleturus
523 2609 636 2672 sitllmo
650 2619 779 2670 censetur
793 2611 914 2681 ispotius
927 2610 1034 2672 auterre
1044 2610 1180 2682 eutolmio
1192 2616 1325 2682 quantuor
1339 2608 1500 2684 potuitne

380 2684 478 2752 saltem
494 2687 583 2742 animo
597 2686 687 2742 omnia
700 2684 840 2743 auferendi
854 2686 1015 2742 secessisse.
1025 2685 1060 2742 Et
1074 2687 1095 2740 si
1110 2685 1219 2756 impune
1233 2669 1296 2747 mibi
1311 2683 1419 2748 auferre
1434 2700 1501 2756 pos·

380 2766 424 2817 set
436 2759 508 2817 haue
521 2761 598 2817 hodie
613 2776 672 2817 rem
682 2776 745 2817 oras
755 2761 881 2834 alterum,
892 2768 999 2818 certum
1009 2768 1052 2816 est
1061 2759 1118 2817 iore
1128 2765 1159 2820 ut
1171 2766 1309 2830 postremo
1318 2758 1439 2816 funditus
1449 2777 1499 2817 ex-

379 2835 462 2906 polier
475 2858 487 2887 s
500 2837 538 2909 llo
548 2835 670 2906 Potenti,
680 2836 733 2893 loo.
746 2835 931 2909 eitllerum,
946 2836 996 2893 lrec
1009 2837 1097 2908 posite
1109 2834 1242 2907 doctrine,
1256 2842 1323 2908 quot
1336 2836 1435 2894 eredes
1448 2838 1498 2893 iur-

379 2911 614 2981 penderenttl’nn
624 2913 701 2983 perri
712 2928 743 2967 ne
753 2912 878 2970 iaciendo
890 2912 1006 2968 lsoroiois
1018 2911 1177 2970 statuente
1190 2912 1272 2986 igitur
1283 2911 1342 2968 lere
1352 2911 1499 2971 odeo-seu-

378 2987 555 3054 tertiarium
565 2990 686 3061 gentium
697 2987 849 3058 repellitur.
859 2989 959 3046 l’urem
972 2993 1151 3048 mesenum
1166 2987 1230 3048 licet
1241 2985 1369 3052 occidere
1381 2987 1443 3046 iore
1453 3004 1501 3046 ro-

379 3077 472 3120 omoo:
484 3062 628 3140 diurnum
641 3079 693 3120 non
706 3063 787 3124 aliter
799 3079 881 3138 quem
893 3065 915 3122 si
927 3072 990 3138 port
1003 3063 1205 3136 curiosiorem
1217 3079 1279 3132 stell
1291 3062 1345 3132 leb
1358 3062 1503 3132 detondet:

380 3137 520 3208 Quiritaaio
535 3139 605 3204 idem
621 3155 652 3200 ao
665 3139 756 3204 ausilii
770 3137 933 3211 imploratio,
943 3137 1068 3205 solebant
1079 3140 1150 3197 enim
1163 3155 1244 3211 opem,
1257 3145 1382 3212 potenter
1396 3139 1500 3204 emme·

381 3229 422 3269 re:
439 3217 540 3282 Porro,
560 3218 703 3290 Quirites·
722 3215 797 3284 sires.
808 3217 948 3293 Quirites,
962 3212 1212 3288 oestromfidem!
1230 3218 1282 3272 Pro
1295 3212 1395 3274 llilone
1408 3214 1501 3276 dietu-

380 3303 427 3344 rns
441 3290 548 3363 Cicero,
564 3291 600 3346 its
614 3306 684 3362 pene
698 3288 816 3347 orditur:
835 3291 1005 3347 euuodeclrn
1018 3289 1138 3348 Tabulae
1153 3298 1315 3352 nocturnum
1327 3292 1417 3349 iurem
1430 3308 1502 3424 ‹iuo-

379 3379 432 3436 quo
446 3367 537 3440 modo,
552 3368 681 3423 diurnum
694 3372 796 3439 eutem,
818 3365 840 3421 si
854 3381 883 3422 se
898 3367 951 3422 telo
965 3365 1128 3437 detenderit,
1149 3367 1263 3424 loterflci
1279 3368 1387 3438 impune
1402 3383 1436 3424 ro
1450 3385 1501 3425 ue·

380 3446 452 3497 runt.
470 3463 481 3494 e
497 3441 571 3499 ldeus
585 3442 657 3514 apud
670 3442 859 3498 Athenienses.
880 3442 982 3510 Quibus
995 3443 1150 3514 prseiremt
1162 3443 1277 3518 lloyses:
1301 3463 1314 3493 o
1330 3441 1358 3498 Si
1371 3442 1500 3516 effrigeus

379 3515 558 3590 furdomum,
580 3519 635 3578 e‘se
649 3516 807 3588 suffodiens,
828 3517 910 3584 luerit
923 3519 1060 3588 inventus,
1070 3525 1099 3575 ot
1113 3527 1227 3590 accepto
1246 3517 1360 3580 vulnere
1371 3525 1501 3584 mortuus

380 3590 471 3663 luerit,
487 3607 633 3663 percussor
655 3608 708 3655 oon
721 3593 773 3652 erit
787 3609 850 3650 reus
864 3594 1014 3668 sauguinis.
1035 3593 1147 3670 Quodsi,
1161 3601 1221 3651 orto
1236 3593 1302 3664 eolo,
1323 3594 1500 3666 leoelecerit,

379 3665 554 3729 homicidium
568 3669 744 3742 perpetravit,
759 3670 857 3742 etipse
871 3669 1031 3743 norietur»
1049 3667 1165 3744 (Herod,
1181 3669 1253 3743 lllll,
1270 3673 1298 3742 2,
1315 3671 1361 3742 dl..
1378 3670 1500 3731 Naour-

378 3754 442 3796 num
456 3741 554 3812 lurem,
575 3744 725 3816 etquidem
739 3744 850 3802 domurn
864 3745 1063 3822 effringentern,
1079 3743 1166 3803 occidi
1181 3746 1284 3818 potitur
1296 3743 1413 3829 Mogses,
1437 3749 1499 3820 quir

380 3815 508 3872 auxilinm
522 3817 671 3888 difficilius,
686 3835 737 3875 nee
752 3826 795 3876 set
806 3820 973 3892 perspicitur
986 3835 1051 3876 num
1065 3819 1111 3877 ille
1124 3837 1190 3892 opes
1203 3837 1237 3878 ao
1251 3823 1334 3878 ritem
1348 3835 1498 3894 eggressu·

378 3903 426 3946 rus
441 3892 486 3947 sit:
502 3893 528 3948 in
539 3894 699 3952 ellrectiooe
712 3901 803 3954 auteur
814 3896 855 3964 sel
865 3896 1151 3969 suffossionaperrtst
1163 3897 1284 3953 oriminis
1299 3897 1495 3954 testinnonium.

377 3967 434 4028 Hae
444 3972 536 4025 mnan
551 3970 624 4041 leges
636 3985 721 4040 nuum
734 3970 822 4029 lerum
841 3979 986 4048 externum
999 3977 1136 4045 spectent,
1152 3988 1203 4044 pro
1217 3973 1322 4029 interro
1341 3979 1371 4032 et
1383 3973 1499 4032 urtumli

378 4058 411 4102 es
424 4042 524 4102 valebit
535 4045 677 4116 segusino
691 4047 836 4118 sententie:
849 4049 971 4121 «Legem
984 4046 1094 4120 quiders
1108 4048 1358 4119 maranensem,
1374 4063 1445 4121 uoto
1459 4056 1502 4108 tr·

378 4117 418 4173 les
433 4121 565 4189 permittit
579 4119 703 4193 intention
719 4119 768 4177 sed
783 4137 838 4194 quo
853 4131 934 4193 pecto
949 4126 1015 4181 istos
1028 4122 1173 4182 delendam
1193 4126 1240 4197 qui
1254 4124 1431 4196 interficiunt,
1448 4142 1500 4183 ooo

380 4195 486 4266 invenio
501 4217 512 4246 n
530 4194 645 4268 (Delio.
662 4195 726 4252 orb.
740 4195 761 4252 l.
777 4197 799 4265 l,
816 4213 841 4254 e.
859 4201 884 4262 5,
902 4215 929 4257 u.
950 4198 1005 4272 12).
1044 4239 1048 4248 -
1340 4253 1342 4262 r
1437 4235 1440 4242 ·

454 4272 491 4332 lle
514 4271 643 4341 pudicitie
662 4270 772 4328 disserit
785 4271 991 4350 l'ulendorlius:⁸
1002 4296 1013 4326 a
1029 4275 1107 4350 Quod
1122 4275 1171 4347 psre
1185 4277 1251 4350 vite,
1267 4274 1293 4338 id
1308 4271 1357 4350 pr'o
1372 4269 1501 4354 pudicitie

376 4344 461 4410 licere
476 4347 623 4406 iudicetur:
636 4348 736 4419 quippe
751 4363 814 4420 oum
828 4347 902 4412 nulle
917 4352 1002 4411 maior
1015 4350 1179 4419 contumelia
1192 4353 1321 4414 honestae
1331 4349 1448 4424 feminae
1459 4353 1501 4422 in7

379 4423 444 4480 terri
455 4431 558 4498 'queat
581 4439 661 4498 quarn
677 4425 700 4478 si
715 4423 776 4496 quis
789 4424 888 4487 inritae
909 4425 1065 4498 pudicitiam
1085 4428 1191 4500 eripere
1210 4426 1399 4508 adgrediatur,
1413 4428 1501 4504 ¹euim

380 4499 536 4578 integritate
548 4501 606 4568 eius
620 4514 701 4574 senus
715 4498 800 4559 decus
813 4503 929 4570 maxime
943 4503 1149 4577 resumpturos
1159 4501 1261 4574 efficiet
1271 4496 1301 4570 ut
1311 4503 1393 4575 hosti,
1406 4517 1440 4564 ex
1451 4518 1500 4560 suo

382 4577 522 4654 sunguine,
536 4575 642 4648 prolern
657 4575 790 4638 suscitare
802 4583 937 4652 cogatur»
950 4579 1024 4654 ltoc.
1037 4581 1098 4654 eit,
1111 4585 1137 4648 t.
1152 4579 1210 4654 22).
1224 4579 1306 4643 todo
1317 4594 1379 4640 sero
1390 4581 1418 4638 in
1430 4578 1500 4637 notis
