3222 5282
552 317 685 373 rrruana
701 318 770 372 vnn
1131 303 1171 372 et
1259 388 1264 402 ,
1367 385 1370 392 ¹

102 475 151 535 cet
168 469 207 534 ad
224 469 344 533 caelum
361 471 480 543 erecto,
492 466 525 531 ln
542 472 659 533 terram
673 468 851 535 dcllcimur:
864 468 970 535 anima
987 468 1019 532 in
1032 469 1132 535 Deum
1149 474 1221 535 ten·

101 558 215 636 dimus,
231 575 304 622 eum
315 557 566 637 complectimur,
580 556 610 621 ei
622 555 833 632 inhaeremus,
847 559 946 641 eoque
958 556 1105 623 fruimur.
1114 556 1222 626 Scien-

100 649 221 712 tiarum
236 650 330 728 atque
345 645 463 710 artium
478 645 642 720 exercitia,
658 647 769 726 quibus
786 646 850 713 vita
866 647 904 713 lit
918 645 1046 712 civilior
1064 650 1097 712 et
1112 647 1222 712 iucun-

100 736 184 811 dior,
203 736 284 800 bona
300 737 385 818 sunt:
411 741 486 798 nam
507 733 709 798 scientiarum
724 735 880 800 Dominus
895 736 990 801 Deus.
1007 736 1079 818 lpsa
1097 751 1221 817 quoque

101 824 185 889 vitae
200 823 365 888 commoda
389 822 568 886 laudantur:
591 839 627 886 ea
645 826 751 888 tamen
766 824 848 904 lege,
866 831 902 889 ut
918 824 956 887 ad
974 839 1100 889 morum
1115 822 1221 907 proie-

100 916 203 987 ctum,
219 917 258 977 et·
267 911 472 976 excelsiorem
488 911 585 974 linem
596 917 832 976 convertantur.
844 913 1036 987 Secusvero,
1052 911 1218 992 ablegatis,

104 1001 258 1082 neglectis
274 1001 321 1066 vel
335 999 494 1081 corruptis
505 999 677 1063 moralibus
691 999 879 1081 disciplinis,
898 995 1064 1066 materalia
1079 1017 1222 1065 commo-

102 1088 142 1151 da
158 1093 254 1171 atque
265 1089 472 1165 incrementa,
485 1087 639 1153 laxiorem
651 1087 749 1153 vitam
762 1088 963 1164 adducerent,
977 1089 1154 1154 animorum
1175 1090 1222 1154 vi-

100 1195 153 1240 res
167 1178 354 1252 effoderent,
375 1179 458 1241 artes
472 1176 559 1257 ipsae
584 1180 617 1243 et
639 1176 791 1242 scientiae
811 1177 973 1245 societatis
995 1178 1220 1245 subvertendae

102 1266 318 1331 instrumenta
333 1265 544 1330 efficerentur.

192 1355 253 1420 tx.
272 1354 322 1421 Sit
334 1352 520 1435 igiturhaec
533 1352 724 1435 propositio:
744 1353 962 1421 Materiotibus
977 1361 1100 1420 tautum
1111 1372 1223 1438 coupe-

102 1442 159 1506 stis
171 1442 339 1520 elementis,
351 1447 453 1524 pentes
467 1441 661 1520 dilabuntur,
673 1461 771 1525 reque
784 1445 1000 1528 infirmantur,
1012 1452 1041 1508 ct
1052 1449 1218 1509 corruunt.

184 1531 230 1596 X.
240 1532 326 1596 Haec
338 1529 429 1595 iactis
445 1535 603 1598 constant.
617 1532 748 1598 Etenim
762 1537 898 1614 quatuor
910 1532 1061 1597 historiae
1077 1531 1222 1596 occiden-

101 1616 175 1684 talis
189 1620 325 1694 saecula,
343 1618 522 1684 nominibus
537 1619 680 1694 Periclis,
697 1621 845 1702 Augusti,
858 1620 974 1685 Leonis
989 1621 1033 1696 X,
1045 1624 1078 1685 et
1088 1619 1224 1684 Ludovi-

102 1707 133 1772 ci
146 1707 226 1774 XIV
237 1707 535 1774 suntceleberrima.
553 1707 683 1774 Periclis
694 1711 842 1784 aetatem,
858 1726 918 1792 qua
929 1708 1062 1775 Graecia
1080 1708 1225 1791 splendo-

100 1794 146 1860 ris
158 1796 282 1862 culmen
296 1795 460 1878 attigerat,
469 1796 742 1879 corruptissimam
753 1797 903 1874 describit
911 1796 1223 1879 Plutarchus.Thuci-

100 1885 191 1950 dides
206 1903 280 1952 vero
295 1883 373 1949 haec
384 1891 511 1952 enarrat
524 1885 562 1951 de
573 1889 672 1968 peste,
683 1903 748 1968 qua
755 1885 822 1968 ipse
830 1885 965 1952 Pericles
977 1885 1157 1952 occubuitzu
1166 1883 1224 1954 Ge-

102 1973 220 2039 leriora
237 1972 349 2056 gaudia
364 1973 608 2055 quaerebantur,
625 1991 722 2058 quum
738 1975 945 2058 voluptatibus
960 1980 1158 2058 praesentem
1173 1992 1223 2040 re-

100 2062 205 2145 linqui
215 2063 300 2128 diem
315 2060 704 2130 arbitrarentur.llonesta
716 2063 976 2145 dedignabantur:
992 2063 1105 2128 laetari
1115 2081 1222 2147 prom-

98 2155 168 2232 pte,
186 2151 337 2234 usquead
353 2151 459 2232 gaudii
473 2153 673 2226 ebrietatem,
687 2152 747 2224 hoc
761 2151 928 2233 pulchrum
948 2155 982 2218 et
1000 2151 1092 2217 utile.
1109 2152 1220 2218 Timor

99 2240 268 2305 hominmn
284 2257 319 2305 ac
333 2237 473 2306 Deorum
489 2241 610 2307 aberat.
625 2243 645 2305 o'
651 2242 749 2316 Tunc,
761 2241 892 2306 Periclis
908 2240 989 2315 lilio,
1001 2241 1056 2322 qui
1072 2240 1221 2306 latiscen-

99 2331 170 2393 tem
185 2328 409 2412 rempublicam
424 2329 612 2406 mirabatur,
630 2328 840 2410 respondebat
855 2329 1007 2396 Socrates:
1028 2349 1046 2390 u
1062 2329 1220 2411 Antiquo-

100 2434 175 2482 rum
201 2418 342 2492 virtutes,
361 2435 426 2482 non
442 2423 610 2500 parentum
625 2417 754 2483 deliciae
774 2423 847 2484 sunt
862 2418 1080 2501 requirendae.
1094 2417 1221 2486 »Grae-

101 2506 164 2582 cia,
188 2506 441 2586 praeclarissima
464 2506 669 2572 scientiarum
690 2511 784 2588 atque
798 2507 918 2572 artium
942 2507 1104 2588 magistra,
1124 2523 1221 2590 aeque

102 2611 139 2658 ac
155 2596 298 2674 gentium
314 2594 596 2676 voluptuosissima,
611 2597 693 2660 mira
713 2595 875 2661 celeritate
894 2613 912 2660 e
930 2596 1075 2678 gentium
1090 2613 1220 2660 niunero

102 2683 245 2747 evanuit.
269 2682 437 2764 Quippe«
454 2683 588 2766 impedit
610 2684 777 2750 consilium
800 2685 954 2765 voluptas,
977 2682 1098 2750 rationi
1113 2683 1223 2748 inimi·

103 2787 178 2834 uca
195 2768 238 2852 1).
259 2790 290 2845 u:
310 2793 327 2831 «
346 2771 487 2854 nihilque
502 2773 614 2860 altum,
633 2772 715 2836 nihil
737 2773 938 2854 magnificum
956 2791 992 2838 ac
1010 2773 1151 2837 divinum
1171 2791 1222 2837 su·
1283 2772 1306 2844 tl
1321 2775 1391 2845 cle,
1412 2778 1468 2834 Cu·

101 2859 226 2939 spicere
242 2865 383 2940 possunt,
402 2861 457 2944 qui
471 2878 541 2925 suas
556 2879 665 2926 omnes
680 2859 889 2941 cogitationes
904 2861 1087 2926 abiecerunt
1102 2861 1220 2941 inrem
1239 2853 1270 2907 ⁸⁰
1283 2852 1396 2910 Mam·

103 2953 170 3012 tam
186 2947 352 3029 humilem,
374 2954 439 3013 tam
453 2954 676 3032 contemptam
685 2948 729 3033 2);
746 2968 868 3031 »quaa
888 2951 970 3016 nulla
981 2949 1151 3032 capitalior
1166 2969 1222 3032 pe-
1240 2948 1466 3025 tltannnuetro.

102 3036 161 3101 stis
175 3036 387 3101 hominibusa
404 3039 600 3104 natura-data
615 3044 663 3104 est
679 3034 721 3121 3).
742 3061 759 3102 o
1269 3049 1296 3124 3)
1319 3050 1380 3126 m,
1400 3053 1465 3109 Cot.

194 3126 255 3190 xi.
272 3126 391 3190 Eadem
415 3127 559 3208 qovimus
585 3128 624 3191 de
639 3125 774 3208 Augusti
794 3123 888 3202 aevo,
912 3131 1077 3209 postquam
1100 3126 1221 3196 devicta
1241 3128 1319 3186 Mat.

103 3213 239 3278 Graecia
254 3213 488 3296 corruptionem
504 3233 592 3279 suam
607 3215 726 3302 Romae
749 3216 957 3299 camertibus
972 3214 1137 3280 intulerat.
1160 3216 1222 3281 lia·

104 3303 239 3383 demque
248 3302 316 3366 fere
327 3303 360 3365 in
371 3302 461 3367 ltalia
471 3307 503 3368 et
512 3303 626 3376 Gallia,
637 3309 709 3385 post
721 3304 925 3368 scientiarum
937 3307 971 3369 et
982 3303 1159 3369 litterarum
1171 3320 1222 3367 re·

104 3391 335 3457 staurationem
359 3392 572 3476 contigerant.
599 3390 752 3470 Quaestus
773 3396 806 3458 et
821 3394 919 3469 lucra,
937 3391 1089 3476 pecuniae
1104 3392 1218 3469 cultus,

106 3583 148 3634 est
167 3577 307 3648 appellata
324 3576 500 3653 prudential3
521 3580 585 3652 quid
598 3593 631 3637 eo
644 3578 708 3652 dici,
725 3585 771 3636 aut
784 3579 930 3653 excogitari
950 3578 1048 3652 peterit
1061 3576 1186 3636 beatius?
1206 3601 1217 3630 o

108 3655 180 3722 Quae
194 3669 259 3710 cum
274 3670 289 3710 a
303 3653 611 3726 materialibusgaudus,
620 3655 717 3728 quibus
731 3654 848 3714 notiore
862 3655 1049 3724 absorbemur,
1059 3655 1162 3711 animos
1176 3668 1221 3710 re·

109 3734 243 3800 moveant,
252 3735 309 3785 lum
324 3728 391 3786 haee
404 3736 566 3804 sequuntur:
580 3730 729 3805 uldemque
747 3745 811 3787 cuna
824 3731 939 3803 caelum,
950 3737 1050 3802 terras,
1067 3731 1161 3802 maria,
1176 3743 1222 3787 re-

110 3818 225 3876 rumque
232 3805 481 3862 omniumnaturnm
490 3806 763 3878 perspexerit,eaque
774 3804 844 3863 unde
856 3810 996 3879 generata,
1004 3821 1057 3878 quo
1067 3812 1220 3876 recurrant,

109 3878 228 3950 quando,
237 3895 292 3951 quo
306 3881 385 3939 modo
397 3880 515 3953 obitura:
528 3881 592 3954 quid
607 3881 634 3937 lu
648 3881 679 3937 iis
692 3880 807 3938 mortale
820 3887 847 3939 el
857 3881 1001 3951 caducum,
1011 3879 1076 3953 quid
1089 3881 1220 3952 divinum,

109 3960 304 4027 :eternumque
312 3955 357 4027 sit,
366 3953 471 4029 viderit,
480 3957 662 4031 ipsumqueea
670 3955 857 4014 moderantem
870 3962 898 4012 et
911 3963 1051 4029 regentem
1063 3969 1133 4026 pene
1143 3968 1223 4026 prae-

108 4028 244 4101 heuderitq
267 4045 381 4103 seseque
394 4046 448 4088 non
461 4033 522 4088 unis
541 4032 741 4089 circumdatum
759 4031 911 4103 moenibus,
928 4031 1088 4102 popularem
1108 4028 1221 4086 alicuius

108 4103 210 4162 definiti
223 4105 288 4178 loci,
304 4105 353 4163 red
365 4106 450 4164 civem
465 4104 667 4181 teudemundi,
683 4106 760 4180 quasi
773 4107 853 4165 unius
874 4105 948 4162 urbis
962 4106 1109 4179 agnoverit:
1129 4105 1156 4160 in
1171 4105 1223 4160 bae

109 4179 151 4237 ille
165 4180 369 4252 magnificentia
379 4195 485 4256 samm,
498 4189 579 4255 alque
591 4183 616 4240 in
627 4182 679 4239 hoc
689 4188 837 4253 conspectu
848 4188 876 4238 et
885 4183 1038 4254 cognitione
1048 4185 1174 4251 naturae,
1184 4179 1223 4235 bii

108 4255 370 4328 immortaleqqmrn
382 4257 439 4327 ipse
450 4274 479 4315 se
489 4264 595 4328 noscet,
604 4258 676 4332 quod
684 4257 779 4328 apollo
789 4257 927 4330 praecepit
935 4256 1053 4332 Pythiusl
1062 4257 1147 4324 Quam
1156 4269 1224 4310 con·

108 4337 222 4404 temnet,
239 4341 322 4402 quam
336 4329 476 4406 despiciet,
493 4348 574 4406 quam
584 4349 636 4404 pro
646 4334 728 4391 nihilo
741 4331 847 4405 putabit
857 4346 982 4414 ea2quae
993 4330 1074 4403 vulgo
1084 4327 1223 4390 ducuntur

108 4405 288 4476 amplissima!
307 4428 318 4459 o
337 4411 391 4482 tDe
401 4411 483 4484 Lem,
497 4411 518 4482 l,
530 4411 588 4479 23.)
599 4411 626 4466 Si
640 4425 711 4482 quae
724 4424 740 4465 a
754 4408 853 4466 nostris
866 4407 1037 4464 venditantur
1050 4403 1224 4476 perfectionis

106 4480 446 4614 etgetlicileth2ryslamatu,
460 4485 535 4542 hisce
546 4484 728 4556 conterantur,
741 4485 804 4558 quid
816 4483 866 4541 nisi
878 4496 1024 4556 puerorum
1036 4479 1224 4553 phantasmate

109 4572 135 4612 vr
153 4572 167 4614 e
189 4563 274 4616 untur
