3222 5282
475 492 743 590 arrosus·
778 491 849 570 vu.

192 700 359 751 nunnitus
375 671 564 751 sociareris
579 699 792 752 constitutio
808 701 850 750 ΕΤ
862 698 1131 753 annuntiaturum.

190 861 213 916 1.
227 859 365 917 Dictorum
378 875 493 928 ‚summa
504 867 534 917 'et
548 861 688 917 connexio.
714 861 748 916 ll.
764 863 821 930 Qua
840 859 899 932 loge
913 859 985 931 entia
1004 860 1219 918 constituantur.

101 935 219 992 libbeus
232 937 365 993 humanae
379 937 527 1006 societatis,
544 938 568 992 l.
581 944 624 991 est
638 937 696 1008 ipsa
709 937 877 994 humanitate
883 936 1007 1010 sertim,-
1018 940 1046 994 2.
1059 936 1220 996 humanitati

101 1011 302 1068 exteriorrlv.
317 1012 390 1086 Ergo
405 1028 493 1085 neque
511 1011 699 1082 arationes'V.
716 1028 803 1085 neque
818 1011 851 1068 ab
864 1013 1054 1076 universorum
1075 1019 1153 1082 pacto
1167 1012 1218 1068 ali·

103 1087 212 1158 quando
228 1087 361 1157 prolecta,
384 1090 429 1147 vt.
447 1094 475 1144 3.
495 1088 544 1142 Est
558 1083 651 1143 morali
665 1094 781 1144 naturae
801 1102 972 1162 congruens.
994 1088 1052 1145 vit.
1068 1088 1106 1143 l.'
1119 1086 1221 1146 Omnes

102 1159 216 1217 tandem
231 1162 337 1219 iniuria
355 1170 382 1220 et
395 1162 486 1220 cordis
500 1164 602 1218 unitate
615 1159 753 1236 relegens.
769 1163 841 1221 vill.
858 1163 967 1235 integra
981 1162 1118 1232 societatis
1133 1161 1176 1218 lex
1191 1169 1219 1219 ot

99 1238 271 1294 constitutio.
295 1237 341 1294 tx.
357 1237 566 1297 Binis'lormulis
586 1239 750 1308 continetur,
773 1237 847 1295 unde
866 1236 967 1308 duplex
982 1240 1097 1295 societas
1112 1239 1235 1308 perlici.

99 1319 157 1368 tur.
174 1313 208 1368 x.
224 1314 360 1383 Charitas,
376 1330 409 1370 os
421 1317 476 1372 Deo
491 1319 519 1370 et
532 1314 630 1371 diviua.
647 1314 694 1371 Xl.
712 1313 904 1384 Philantropia,
927 1329 961 1370 ex
976 1313 1084 1370 homine
1101 1319 1131 1369 et
1145 1314 1221 1369 intir-

99 1403 156 1444 ma.
168 1389 228 1444 llll.
238 1391 328 1446 Virtus
341 1387 697 1460 charitatis,eivilissima,et
709 1389 886 1458 amplissima.
898 1390 971 1445 lllll.
984 1390 1040 1447 Nec
1053 1389 1221 1446 erubescan-

99 1461 147 1520 da.
157 1464 227 1520 xiv.
236 1465 302 1520 Eius
314 1464 392 1536 ordo,
408 1481 535 1522 mensura
548 1464 704 1536 etgradus.
723 1466 779 1522 XV.
791 1467 881 1522 Firma
895 1472 923 1522 et
935 1465 1036 1521 decors
1051 1467 1139 1522 unitas
1153 1464 1221 1520 cha·

100 1541 190 1596 ritatis
204 1547 232 1596 et
242 1540 418 1597 fraternitatis
431 1541 460 1598 in
470 1540 610 1598 varietate.
621 1541 788 1620 XVl.·Quam
802 1540 918 1612 pulchra
933 1540 1069 1598 societatis
1084 1540 1220 1597 eonstitu-

99 1615 150 1688 tio,
167 1616 244 1704 euius
259 1616 318 1671 linis
332 1617 421 1698 Deus,
743 1619 746 1626 “
934 1627 936 1634 ’

191 1782 219 1847 1.
228 1781 276 1847 Eo
288 1781 353 1847 iam
368 1782 561 1858 devenimus,
575 1785 612 1847 ut
626 1799 732 1866 sparsa
748 1779 912 1849 nectentes
927 1781 1095 1857 elementa,
1110 1778 1222 1846 huma-

100 1886 162 1934 nae
174 1870 335 1937 societatis
346 1872 607 1937 constitutionem
618 1877 651 1937 et
660 1873 899 1959 fundamentum
910 1869 1223 1954 proferamusouip·

98 1977 140 2040 pe
151 1961 303 2024 notiones
319 1961 411 2045 aequi
425 1965 458 2026 et
470 1960 558 2036 boni,
573 1973 591 2024 a
606 1965 717 2042 natura
733 1949 899 2026 retulimus
913 1960 955 2044 1);
972 1960 1047 2024 inde
1063 1960 1114 2028 lex
1129 1963 1221 2025 natu·
1286 1962 1308 2030 ll
1322 1961 1374 2018 Tit·
1392 1964 1428 2018 ΙΙ.

100 2048 190 2124 ralis,
209 2066 249 2114 ex
263 2048 438 2114 immortali
458 2053 491 2115 et
505 2049 647 2134 principe
663 2049 853 2133 transcripta
869 2054 981 2115 natura
998 2048 1050 2132 2);
1075 2053 1222 2115 aeternae
1280 2050 1308 2122 at
1320 2051 1373 2106 Tit.
1390 2053 1438 2108 ltt.

101 2136 182 2218 legis
196 2153 310 2219 praeco
326 2139 360 2203 in
372 2138 515 2214 homine,
528 2139 609 2204 ratio
624 2143 657 2205 et
668 2139 862 2204 conscientia
874 2137 917 2222 3);
932 2157 971 2204 ex
983 2139 1051 2219 lege
1067 2138 1221 2223 aequitas,
1281 2145 1307 2214 a)
1321 2142 1373 2198 Tit.
1391 2145 1436 2202 lv.

100 2229 173 2308 tum
190 2228 374 2308 personalis,
389 2227 504 2301 civilis,
518 2232 551 2292 et
563 2227 693 2309 politica
708 2228 836 2293 libertas
847 2226 891 2311 d');
911 2229 966 2292 sed
980 2227 1109 2292 infirma
1124 2227 1220 2302 ratio,
1282 2232 1309 2303 tt
1324 2233 1376 2291 Tit.
1391 2235 1422 2292 v.

99 2314 292 2396 delapsaque
307 2323 421 2381 natura
435 2316 570 2398 regenda
586 2321 645 2390 est,
663 2320 758 2399 atque
776 2317 815 2380 ad
832 2321 979 2382 aeternae
995 2317 1072 2398 legis
1087 2316 1222 2382 rectitu-

100 2403 213 2466 dinem
229 2405 388 2485 erigenda,
414 2410 450 2470 ut
465 2405 607 2488 liqueant
621 2405 691 2470 iura
706 2406 857 2496 etxoilicia
874 2404 917 2491 5).
940 2406 1045 2484 Nunc,
1064 2405 1222 2489 quomodo
1283 2403 1309 2477 tl
1323 2406 1374 2463 iit.
1384 2406 1428 2465 Vl·

99 2491 250 2556 homines
265 2493 300 2557 in
315 2493 435 2557 morale
451 2494 612 2560 societatis
630 2494 987 2577 corpusdevinciantur‚
1013 2511 1155 2577 quaeque
1170 2512 1222 2560 so-

100 2581 230 2646 cietatis
241 2583 439 2657 constitutio,
453 2582 521 2664 lege
533 2583 589 2648 illa
600 2583 751 2649 rationali
764 2584 798 2649 ih
810 2588 970 2650 actuosam
982 2583 1133 2650 virtutem
1145 2600 1223 2650 con·

101 2687 204 2744 versa,
223 2676 271 2736 est
285 2671 522 2754 inquirendum.
536 2736 542 2758 ,

143 2850 145 2856 ¹
196 2759 329 2836 11.Lex‚
341 2777 402 2843 qua
410 2759 497 2824 entia
509 2759 690 2838 discretam,
700 2759 822 2846 sibique
834 2761 996 2847 propriam
1008 2760 1155 2827 obtinent
1168 2780 1223 2827 na-

105 2941 284 3008 putarerunt,
306 2936 355 2994 nisi
368 2935 492 2994 'extincta
505 2937 530 2995 in
545 2937 652 3010 politico
666 2937 779 3010 imperio
793 2935 1126 3012 singulorumomnem.
1141 2938 1217 3007 Quod

105 3019 150 3069 est
165 3020 291 3068 naturam
304 3014 441 3086 cohibere,
456 3012 646 3088 vel‘irangere,
663 3014 777 3085 sinclis,
798 3031 852 3072 non
866 3014 973 3073 sanitati
993 3015 1149 3071 restituere.
1164 3015 1218 3072 Nos

107 3089 358 3160 autem,opus1iei,
370 3089 433 3145 licet
447 3089 592 3162 infirmum,
604 3093 693 3145 minus
704 3090 862 3162 intringere,
875 3106 956 3163 quam
966 3103 1063 3159 regere
1076 3096 1104 3146 et
1118 3105 1216 3146 sanare

108 3163 266 3234 cupientes,
281 3164 456 3222 domesticam
476 3165 604 3236 primum,
619 3163 717 3222 deinde
739 3165 877 3235 politicam
892 3165 1080 3224 coercitionem
1100 3167 1217 3236 requiri·

107 3254 184 3309 mus,
200 3254 272 3311 qnae
286 3246 375 3298 tamen
390 3239 520 3298 moralem
530 3247 558 3296 et
568 3240 927 3314 religiosaminstitutionem
941 3240 1086 3296 comitetur
1095 3239 1141 3313 ,rel
1151 3239 1217 3296 sub-

108 3320 252 3388 sequatur.
271 3316 321 3372 ilic
333 3317 405 3372 enim
424 3315 513 3372 nodus
526 3314 633 3372 tandem
647 3316 794 3372 exsolvitur
814 3315 985 3388 politicarum
1005 3315 1214 3384 institutionum.

107 3391 178 3446 llam
195 3392 219 3445 l.
232 3405 312 3460 prava
322 3389 472 3448 coercenda
486 3397 597 3446 naturae
610 3405 684 3463 pars,
697 3398 728 3448 ut
738 3393 948 3448 unumomnium
960 3389 1040 3446 civile
1050 3393 1217 3448 consortium

108 3465 254 3522 habeatur.
264 3469 291 3520 2.
302 3465 350 3523 Vel
364 3466 495 3523 coercitio
508 3473 551 3522 est
564 3467 676 3542 physica
685 3473 792 3523 tuntum
803 3472 830 3523 et
842 3464 996 3538 materialis,
1005 3465 1157 3522 naturalem
1169 3482 1219 3538 pe·

108 3543 213 3596 rimens
229 3539 394 3598 libertatem.
411 3544 439 3598 3.
454 3541 501 3599 Vel
517 3543 645 3598 irtacum
660 3540 755 3598 morali
768 3549 796 3598 et
809 3542 936 3616 religiosa
949 3542 1131 3614 consociatur,
1145 3543 1218 3600 undo

109 3622 228 3674 naturae
245 3616 352 3688 libertas
366 3622 546 3688 restauretur,
561 3619 673 3690 eiusque
687 3620 760 3674 vires
774 3617 947 3688 roborentur,
958 3625 1039 3690 atque
1053 3615 1088 3674 ad
1102 3615 1219 3689 primae-

110 3707 170 3748 ram
184 3693 319 3749 accedant
331 3693 435 3751 ordinis
449 3691 681 3763 pulchritudinem
696 3702 777 3766 atque
791 3695 984 3766 integritatem.
1000 3693 1134 3768 lamrero,
1149 3693 1220 3764 poli·

111 3769 155 3824 tici
176 3768 279 3824 ethnici
293 3767 334 3823 rel
350 3768 491 3842 irreligiosi
510 3767 628 3825 lerneam
642 3774 749 3826 tantum
761 3769 951 3833 cohibitionem
971 3769 1128 3840 praecipere
1142 3774 1221 3842 pote·

110 3849 182 3899 rant:
206 3859 258 3899 nos
271 3850 362 3902 autem
382 3843 546 3917 religiosam,
567 3850 662 3915 utpote
677 3845 822 3918 mitiorem,
844 3852 925 3917 atque
940 3852 1055 3904 naturae
1074 3848 1223 3919 ipsiusque

108 3917 244 4050 {thebuti
257 3917 459 3984 sclamlmem,
481 3933 547 3990 prae
561 3919 608 3975 illa
622 3918 769 3995 diligimus,
791 3920 1023 3978 commendamus
1034 3925 1116 3994 atquc
1135 3920 1223 3976 extol·

119 4009 203 4050 rmus.

186 4069 322 4128 Breviter:
333 4069 543 4128 illiberalissima
554 4070 734 4146 ethnieomm,
744 4086 931 4145 novorumque
942 4069 1161 4142 philosophorum
1174 4084 1224 4141 po·

112 4141 199 4217 litica,
212 4145 353 4203 hominem
366 4161 422 4204 non
435 4161 549 4219 sanans,
565 4146 615 4204 sod
629 4147 771 4206 brutorum
791 4163 866 4205 more
880 4162 1022 4218 coercens,
1036 4145 1147 4204 liberior
1160 4161 1224 4204 vero

111 4229 195 4292 atque
210 4222 319 4278 suavior
332 4221 438 4295 religio,
453 4222 652 4279 hominemsihi
668 4225 716 4295 ipsi
731 4224 888 4297 restituens,
899 4237 985 4297 eoque
999 4223 1058 4293 ipso
1069 4221 1103 4278 ad
1113 4227 1227 4278 natura·

112 4294 995 4371 lenirectitudinemetcivilemlihertnteminstituens.Utcumque
1006 4295 1079 4354 solve
1098 4297 1226 4371 dequas-

112 4373 163 4427 stio
177 4370 315 4445 rideatur,
329 4372 397 4429 haec
410 4372 465 4429 duo
478 4371 617 4443 explorata
631 4381 704 4432 sunt:
725 4378 750 4431 l.
762 4381 876 4433 naturae
886 4373 1056 4431 inflexionem
1066 4315 1101 4429 ad
1114 4387 1226 4444 pertor-

111 4463 153 4519 ss,
173 4447 209 4503 sb
223 4447 421 4504 institutoribus
441 4447 550 4505 assidue
565 4461 628 4518 prae
642 4449 729 4506 oculis
747 4448 912 4522 habendam
929 4453 958 4506 2.
975 4455 1089 4506 naturae
1108 4448 1158 4518 ipsi
1172 4447 1226 4503 uti·

112 4522 181 4579 liora
203 4530 286 4596 atque
300 4523 523 4594 praecellentium
544 4522 591 4580 illa
603 4538 664 4581 esse
677 4525 800 4598 imperia,
815 4526 912 4600 quibus
932 4523 1054 4582 eiusdem
1067 4521 1226 4580 intinctionis

109 4600 200 4672 origo,
216 4613 303 4656 causa
316 4605 345 4656 et
357 4599 473 4672 qualitas
486 4599 594 4656 sincere
607 4602 755 4671 patuerint.
