3238 5282
429 317 496 386 aot
876 332 970 382 arnna
985 331 1020 382 ιι.

379 485 446 550 sos?
461 483 523 550 Sed
539 487 650 550 auctor
664 482 744 562 ipse,
762 481 892 546 sibimet
909 495 1100 560 repugnans.
1121 475 1300 542 mitissimis
1315 477 1512 549 christiano-

379 590 449 638 ιιιιιι
466 571 607 638 moribus
622 571 782 636 devictum
796 569 950 634 mundum
965 571 1099 634 testatus
1114 566 1230 633 iuerat.
1351 593 1355 600 ·
1483 601 1487 610 ·

460 657 1512 739 vll.lnmdoremaahucadmtretionemcapitaneos,noscero

377 752 466 828 bens:
484 771 502 815 ιι
517 750 697 818 Resciscam
711 747 988 818 asshristianismo
1004 747 1204 821 servitutum,
1222 746 1424 816 tradiderunt
1438 753 1512 835 ptu-

377 841 466 914 rimi.
484 839 629 910 Nimium
643 843 712 906 est:
729 838 838 904 extitit
852 837 919 912 din,
936 836 1013 919 qnin
1034 835 1070 901 in
1085 852 1156 900 ean
1170 843 1436 916 commoveretur,
1461 844 1510 908 vel

376 930 551 1012 plurimum
571 933 769 997 succenseret
783 926 959 992 christiana
975 926 1109 992 societas
1119 922 1174 1008 (o).
1188 949 1205 994 ιι
1220 926 1341 992 Verum
1350 934 1418 993 est:
1428 949 1512 995 nun·

376 1036 472 1102 quarn
492 1018 693 1084 excandescit
707 1016 848 1084 Ecclesia
864 1031 944 1099 quaa
959 1020 1007 1081 est
1021 1012 1272 1082 christianorum
1287 1017 1437 1095 mcietns,
1454 1023 1510 1088 sed

374 1109 461 1192 quod
476 1108 633 1190 agendum
646 1111 729 1180 erat,
745 1106 885 1172 suaviter
900 1109 934 1170 et
949 1104 1080 1170 sortiter
1091 1104 1172 1186 egit.
1186 1105 1370 1180 Doctrinae,
1384 1125 1506 1186 moras,

375 1197 606 1270 institutiones,
625 1195 759 1264 mundus
773 1200 844 1262 crat
859 1195 1070 1268 renovandus,
1085 1197 1121 1259 ut
1131 1194 1266 1260 servitus
1277 1195 1346 1277 ipsa
1360 1200 1510 1264 concide—

375 1292 437 1353 ret:
456 1303 606 1368 praeoeps
620 1287 684 1352 alia
707 1285 770 1358 via,
788 1283 894 1368 inquit
908 1283 996 1358 Biot,
1013 1283 1158 1364 Spartaci
1174 1289 1206 1348 et
1221 1283 1348 1351 Siciliae
1369 1285 1510 1354 incurro·

375 1377 497 1446 ctiones
514 1376 631 1441 iterum
647 1374 840 1440 adduxisset.
1112 1381 1115 1386 '

464 1464 555 1532 vul.
573 1464 735 1537 Ceterum,
758 1480 839 1545 qnae
853 1461 992 1528 Ecclesia
1015 1461 1213 1543 praestiterit
1226 1462 1260 1527 in
1276 1481 1443 1529 servorum
1459 1486 1511 1530 re-

374 1554 607 1637 demptionem,
624 1555 693 1619 eius
709 1552 804 1626 iacta,
820 1551 917 1632 leges,
930 1551 1080 1626 comitia,
1090 1550 1259 1635 omnisque
1269 1555 1397 1634 generis
1412 1555 1510 1620 doru

374 1649 481 1718 menta
498 1642 746 1716 testantur.lioc
758 1647 866 1706 nutem
878 1641 993 1709 ordine
1004 1640 1163 1708 recenseri
1176 1646 1321 1722 possunt.
1333 1641 1365 1708 1.
1380 1644 1510 1710 Doctri-

374 1735 460 1800 nales
475 1735 626 1802 tentatos
641 1733 681 1800 dc
696 1730 836 1798 hominis
851 1729 1024 1812 dignitate,
1039 1728 1180 1796 Ecclesia
1196 1730 1290 1796 firma
1305 1735 1441 1814 exponit
1457 1753 1510 1799 ro·

372 1841 421 1898 ιιι
439 1823 587 1894 edisserit
600 1821 814 1904 obligationes
829 1837 992 1884 servorum
1006 1824 1041 1886 nt
1055 1819 1272 1896 dominorum,
1285 1823 1453 1888 servitutis
1464 1824 1510 1887 ia-

372 1915 461 1980 ctum
477 1911 650 1995 accipiens,
669 1927 734 1976 non
751 1911 820 1992 ipsa
836 1909 1020 1982 instituens:
1033 1909 1088 1974 sed
1098 1908 1245 1974 omnium
1260 1927 1367 1975 coram
1379 1911 1450 1976 Deo
1462 1913 1511 1976 in*

371 2001 483 2068 stituta
495 2001 702 2084 aequalitate,
710 2001 885 2083 systemata
895 1997 1047 2073 conterit,
1057 1999 1172 2080 quibus
1183 2003 1304 2064 veteres
1316 1999 1510 2080 publicistae

373 2107 410 2154 ac
426 2089 607 2173 philosophi
623 2088 885 2170 inquinabantur.
900 2088 934 2150 2.
948 2087 1176 2154 Doctrinarum
1191 2087 1445 2170 applicationem
1457 2109 1511 2173 ag·

373 2178 530 2262 greditur:
539 2177 687 2244 emollire
701 2176 907 2241 dominorum
914 2176 1093 2251 saevitiem}
1104 2176 1153 2242 ins
1167 2176 1252 2241 vitae
1263 2179 1394 2244 etnecis
1405 2198 1446 2245 ex
1457 2199 1511 2244 eo-

376 2285 450 2332 rum
464 2268 609 2335 manibus
623 2265 770 2339 auferre;
787 2263 908 2345 templa
924 2263 959 2328 in
974 2264 1097 2348 asylum
1111 2265 1263 2348 pandere,
1279 2271 1312 2332 et
1326 2268 1454 2334 dimissi
1470 2287 1510 2334 ne

376 2375 395 2424 a
408 2357 548 2424 dominis
561 2361 713 2422 vexentur
725 2353 1017 2433 curare3senbique
1029 2355 1232 2420 interseram
1245 2357 1446 2422 acdomioos
1460 2359 1511 2424 in

376 2452 560 2528 terponere,
569 2445 713 2527 privatae
722 2443 879 2510 vindictae
888 2441 1044 2523 publicam
1057 2442 1264 2510 tribunalium
1272 2446 1511 2512 actionmnsnb·

376 2553 502 2617 rogare,
521 2536 606 2618 ipsas
621 2537 727 2600 autern
744 2534 828 2615 leges
851 2531 1018 2613 legumque
1034 2532 1149 2598 latores
1165 2533 1205 2597 ad
1224 2533 1434 2601 christianam
1453 2537 1510 2602 hu·

377 2625 565 2693 manitatem
572 2639 778 2704 componere
789 2621 867 2686 haec
873 2626 965 2686 erant
973 2621 1511 2702 nunquamdimissalicnlesiaestu·

375 2713 429 2778 dia
443 2719 539 2797 atque
555 2713 735 2780 conamina.
755 2709 788 2776 3.
804 2710 853 2778 hd
868 2710 1110 2775 restaurandam
1123 2714 1391 2779 manumissorum
1404 2715 1510 2796 digni·

376 2807 489 2878 tatem,
500 2821 554 2870 cos
570 2801 773 2868 monasteriis
788 2799 922 2880 excipit,
932 2799 972 2864 ad
987 2817 1092 2868 sacros
1106 2800 1237 2866 ordines
1249 2802 1369 2877 erebit,
1382 2805 1510 2886 subque

375 2896 508 2957 exornet
524 2893 745 2975 dignitatibus.
763 2887 797 2954 [ι.
816 2890 854 2954 ln
870 2889 1036 2953 servitutis
1051 2888 1168 2964 tontes,
1182 2891 1296 2956 ardore
1312 2911 1413 2976 prope
1427 2893 1511 2957 divi·

377 2999 432 3057 no,
444 2981 592 3048 alacriter
606 2979 983 3047 contenditzludaeorum
994 2995 1197 3059 compescere
1211 2980 1398 3062 inglurimu
1409 2983 1445 3047 in
1458 3000 1509 3046 re-

377 3071 595 3152 demptionem
610 3072 811 3153 captirorum
826 3066 1019 3133 fortissimos
1031 3067 1114 3132 viros
1124 3067 1277 3150 deligere,
1291 3075 1387 3153 atque
1398 3071 1433 3135 in
1448 3069 1509 3136 hot

375 3177 498 3225 sacram
515 3161 668 3227 militiam
683 3157 851 3225 instituere
866 3174 1003 3238 quorum
1020 3155 1154 3238 plurimi
1167 3175 1201 3221 se
1215 3175 1275 3239 pro
1291 3161 1391 3226 serris
1407 3160 1508 3226 tradi*

377 3245 1147 3334 nerontimptivisdcmum,utrolioercoremreci
1191 3251 1314 3322 rentur,
1323 3250 1505 3330 pecuniam,

377 3339 508 3424 ipsaque
523 3357 610 3405 sacra
635 3355 707 3403 vasa
723 3336 921 3422 impendere,
940 3353 1003 3399 non
1020 3334 1127 3402 desiit.
1175 3343 1344 3406 ocumcntn
1365 3338 1444 3406 hacc
1459 3344 1506 3404 te·v

456 3535 497 3608 tn)
515 3557 527 3585 ι
543 3536 585 3592 On
599 3535 742 3605 beaucoup
756 3531 850 3604 repete
863 3549 916 3606 qus
930 3530 1080 3590 l‘aholition
1093 3533 1128 3590 de
1139 3531 1300 3607 l’esolasage
1309 3535 1381 3592 dans
1393 3536 1508 3593 lemon-

378 3611 413 3670 de
428 3610 559 3667 moderrm
571 3609 637 3666 etait
650 3609 703 3667 dne
723 3607 936 3680 eompldtement
949 3624 986 3666 au
998 3609 1213 3667 christianismo.
1228 3613 1262 3668 la
1274 3612 1349 3667 crois
1367 3628 1423 3684 qun
1436 3612 1508 3669 e’est

377 3694 441 3757 trop
454 3685 523 3756 dire:
533 3683 696 3758 l’esclavago
710 3701 726 3742 a
738 3684 858 3743 subsiste
871 3685 1029 3758 longtonaps
1043 3701 1079 3743 au
1091 3688 1150 3744 sein
1163 3687 1199 3744 de
1213 3687 1238 3742 la
1252 3686 1355 3744 sccidts‘
1371 3687 1507 3745 cbrdtieo·

377 3776 423 3832 ne,
439 3776 505 3818 sans
519 3759 617 3834 qn’eile
630 3761 689 3820 s'en
708 3762 760 3818 soit
773 3761 916 3833 beaucoup
929 3759 1057 3834 stanneo,
1073 3763 1214 3834 ῑιιιιιοοιιρ
1231 3761 1325 3820 irrites
1342 3786 1354 3815 s
1373 3765 1504 3834 (comm,

379 3839 456 3896 ctist.
470 3853 536 3910 ges.
550 3836 587 3894 de
599 3836 753 3898 incinitis.
768 3853 805 3894 eo
819 3839 946 3908 Europe.
962 3838 990 3895 6.
1005 3837 1082 3914 lec).
1094 3839 1209 3896 Contra:
1222 3859 1236 3888 ι
1249 3839 1287 3895 be
1301 3835 1505 3898 christianismo

299 3978 305 3986 ,
377 3913 425 3970 icit
437 3927 470 3970 ce
484 3910 548 3987 qu'il
563 3914 620 3971 doit
635 3935 647 3966 ι
664 3913 701 3970 ait
714 3913 784 3970 Biot.
795 3914 832 3968 bs
843 3911 966 3970 Ecclesia
980 3929 1055 3970 vero:
1074 3935 1085 3965 ι
1101 3915 1180 3972 cette
1189 3915 1304 3971 marche
1317 3914 1382 3973 dtsit
1396 3911 1422 3973 Ιι
1432 3917 1505 3972 seule

377 3988 424 4060 qni
437 3985 487 4060 pdt
500 3992 604 4049 censoir
619 4004 687 4060 pour
701 3983 849 4061 regeneror
865 3988 890 4045 la
907 3987 1229 4047 concremaretur
1244 3997 1326 4047 avant
1346 3991 1381 4048 de
1396 3993 1505 4064 suppri-

377 4079 437 4122 met
453 4065 492 4122 ies
504 4065 641 4137 cecinens,
658 4064 676 4120 il
686 4063 772 4122 inlinit
784 4079 839 4136 que
853 4063 879 4120 ia
893 4062 994 4122 sceleti
1007 4062 1048 4122 lu
1060 4065 1375 4123 intellectueilemontet
1389 4068 1508 4123 morale·

375 4145 453 4198 ment
463 4139 586 4212 dignede
597 4158 628 4199 co
638 4141 909 4212 perfectionnemeut,
918 4145 1032 4198 attonte
1042 4150 1121 4199 entre
1131 4143 1242 4199 marche
1252 4141 1317 4213 pius
1327 4142 1425 4213 rrpidn
1436 4141 1506 4198 n‘edt

375 4216 425 4274 tait
437 4230 490 4292 ouo
504 4216 667 4276 nocareicr
681 4218 721 4275 les
733 4212 817 4274 esces
829 4216 879 4274 des
892 4213 1010 4275 remites
1022 4216 1147 4276 desicile
1164 4225 1194 4275 et
1207 4217 1257 4275 des
1270 4231 1461 4292 compagnons
1475 4217 1507 4274 de

376 4295 527 4363 Spartacus
544 4314 555 4342 ι
572 4293 658 4365 (Bion,
668 4291 724 4350 loc.
739 4290 815 4361 etti.
829 4292 992 4363 Guirot,pro
1005 4295 1063 4350 siro
1076 4299 1257 4365 ιιιιιιιιιιιιιι,
1268 4309 1322 4350 nna
1333 4293 1409 4352 muto
1423 4295 1507 4352 intar-

377 4368 489 4426 demde
504 4367 701 4430 nectenssad
713 4370 776 4441 quis
789 4383 806 4426 o
821 4369 1036 4439 protestantisnri
1051 4371 1123 4442 sinu,
1133 4369 1167 4428 ad
1182 4383 1273 4428 raram
1287 4369 1428 4428 Ecclesim
1438 4369 1504 4426 inra-

375 4446 474 4518 ginenn·
489 4456 520 4502 te
533 4441 654 4504 estatis?
666 4445 913 4502 Protestaatienus
926 4459 1005 4502 error
1022 4453 1067 4504 est
1083 4447 1221 4519 principii,
1238 4447 1312 4517 ipsas
1333 4459 1505 4502 summorum

377 4529 497 4592 montes,
520 4521 546 4578 in
559 4519 634 4578 iactis
648 4535 755 4592 quoqne
777 4520 925 4598 historicis,
942 4520 1113 4584 obnubilans.
1130 4524 1298 4581 Documenta
1312 4527 1425 4582 cruat:
1442 4520 1504 4580 nihii

376 4597 514 4669 poscimur
528 4596 600 4662 ultra
614 4595 766 4655 veritatem.
1473 4635 1477 4644 -
