3228 5280
445 254 512 326 ubo
876 271 973 324 ιιιιιι
986 269 1035 322 ιιι.

403 427 568 497 notentur,
584 421 668 488 uude
683 421 862 488 simultates
874 425 909 487 et
924 417 1019 506 lurle:
1036 436 1153 488 novum
1167 415 1383 502 gladiatorum
1399 435 1477 488 uon
1490 423 1539 489 lc-

402 512 615 594 gumlutorum
628 529 739 593 genus,
749 511 981 577 etexiustitiee
992 507 1077 585 aula,
1087 507 1424 586 laetiouoemenvieie,
1435 529 1539 578 wen-

403 600 472 664 dele
485 601 518 664 in
533 601 685 681 populum
699 599 943 684 profundantur.
960 599 1116 678 Honestos
1130 597 1369 684 promemus,
1386 602 1486 682 meod
1499 621 1537 668 o-

403 689 586 772 pinionibus
601 688 663 752 sibi
678 690 823 754 adversos
834 693 960 770 putent,
974 693 1136 772 tanqum
1149 687 1256 756 bosus
1268 688 1397 769 patriae
1412 691 1536 755 tredu-

404 785 491 854 cunt;
510 777 613 859 petria
630 777 776 844 videlicet
787 780 822 844 in
837 776 950 859 seipsis
964 776 1122 844 conclusa.
1132 777 1201 843 lllis
1213 777 1295 846 nibil
1305 781 1474 846 sonetum:
1485 780 1535 845 le·

404 866 569 949 gislotores
583 867 670 932 enim
686 868 845 951 extemplo
858 866 1039 943 constituti,
1054 883 1090 932 se
1103 879 1195 950 supra
1208 867 1292 948 leges
1306 865 1530 946 arbitrentun

403 956 647 1037 legumlatorum
670 957 764 1022 decus
779 963 813 1022 et
825 957 951 1025 civilem
965 956 1033 1022 iere
1047 955 1281 1023 humanitatem
1302 956 1462 1038 ignorant
1477 959 1531 1025 vel

403 1048 622 1116 contemnunt.
641 1045 739 1125 Quasi
754 1046 882 1112 coclites
904 1044 995 1121 locu,
1012 1044 1068 1127 qui
1083 1047 1229 1128 pausaturi
1244 1045 1329 1111 unda
1343 1062 1384 1110 ex
1399 1045 1474 1112 imo
1489 1048 1530 1112 ad

404 1151 563 1200 summum
578 1134 674 1201 deleti
685 1135 939 1219 sunt,principes
951 1138 984 1199 et
994 1151 1158 1216 resectos
1168 1152 1273 1200 socrus
1282 1138 1315 1199 et
1327 1133 1443 1200 civiles
1456 1135 1528 1201 loe-

405 1222 536 1288 dissimo
548 1241 606 1288 ore
616 1223 836 1307 proscindunt.
847 1225 927 1290 Boni
938 1222 966 1291 si
973 1223 1101 1298 adsunt,
1109 1221 1196 1290 inter
1206 1224 1383 1290 clamorum
1393 1242 1464 1289 non
1478 1241 1528 1290 er·

405 1318 629 1394 [iumentorum
639 1313 828 1385 certamine,
838 1310 1029 1387 obruuntur,
1038 1317 1074 1378 ui
1085 1311 1140 1377 ille
1153 1313 1298 1395 quotidie
1308 1320 1525 1379 renoventur:

407 1421 424 1462 o
442 1400 538 1466 Peuci
555 1408 663 1468 tamen
678 1403 755 1467 boni
770 1403 909 1478 inerunt,
927 1404 983 1486 qui
997 1401 1125 1475 moesti,
1138 1402 1225 1468 inter
1238 1401 1287 1466 sui
1303 1400 1485 1467 dissimiles
1495 1407 1528 1468 et

405 1495 586 1557 moerentes
596 1493 757 1565 sedebunt,
766 1493 996 1574 eteontegione
1007 1491 1217 1572 turpitudinis
1229 1491 1442 1556 vehementer
1455 1509 1525 1574 per·

175 1589 386 1681 licicmdst·
405 1579 613 1646 movebantur
631 1578 710 1686 ti.»
726 1580 851 1684 Stipite
865 1599 991 1666 quoque
1006 1581 1094 1685 adest
1108 1582 1213 1685 turba,
1231 1578 1527 1686 ιιιιοιιιιιιιιιιιιιιιι

159 1675 223 1802 5²⁶⁰?
236 1669 282 1726 ''¹''
299 1668 323 1744 ¹’
336 1681 383 1740 ⁰⁹·
404 1665 1527 1842 itlitdlllildtlltllmtldltddlditltlll

404 1847 485 1912 sime
500 1848 548 1912 rei
563 1849 706 1931 publicee
722 1848 851 1931 negotio
867 1848 1130 1930 pereganturilix
1140 1865 1217 1915 vero
1231 1853 1265 1915 et
1279 1847 1366 1911 nudo
1377 1845 1466 1913 baec
1475 1848 1527 1913 de·

403 1935 597 2000 scribuntur:
609 1942 679 2003 ecta
690 1939 907 2003 consulantur.
917 1938 984 2004 llic
996 1935 1240 2003 untemdemmu
1249 1936 1284 2001 in
1296 1935 1445 2002 notionis
1457 1954 1527 2002 cor·

405 2026 445 2090 de
459 2025 694 2100 exardescente,
711 2027 849 2108 petimus
860 2044 913 2101 en,
927 2045 986 2108 per
998 2043 1109 2091 omnes
1119 2028 1239 2101 Muses,
1255 2023 1385 2090 dicendi
1402 2029 1527 2110 tempe·

405 2110 512 2176 tentio
527 2105 733 2196 ec‘sapientie
744 2115 779 2178 in
791 2121 886 2198 gente
897 2133 965 2180 esse
978 2112 1090 2198 possitl
1107 2113 1327 2180 accidentalia
1341 2114 1427 2178 boec
1438 2119 1526 2189 sunt,

407 2198 542 2282 inquies.
558 2201 641 2276 lmo,
657 2203 855 2283 reponimus,
867 2223 908 2269 ex
918 2222 1024 2270 rerum
1037 2209 1132 2288 etque
1146 2202 1313 2268 hominurn
1324 2207 1444 2268 nemra
1455 2221 1527 2288 pro-

407 2290 602 2372 ficiscuntur:
613 2307 653 2356 ex
663 2290 938 2358 effervescentibus
949 2294 1037 2359 enim
1047 2293 1158 2376 populi
1169 2291 1392 2366 electionibus,
1402 2299 1449 2358 ut
1462 2293 1528 2374 ple·

408 2380 478 2444 beia
489 2379 864 2461 quoquelegumlatorum
870 2383 1297 2464 cepitneneseentur,nonne
1306 2381 1527 2446 netumleesti

497 2467 572 2534 XV.
584 2469 770 2535 lnlelioites.
780 2470 889 2550 Quolis
901 2489 1015 2554 nempe
1026 2477 1061 2538 et
1070 2475 1187 2556 quantu
1197 2474 1258 2546 cst,
1268 2470 1441 2536 ciuitatem
1452 2488 1527 2536 con·

408 2556 576 2638 tinuisegi
591 2560 843 2640 tempestatibus.
861 2561 956 2635 Nem,
975 2561 1148 2627 terentibus
1162 2559 1363 2633 advenerim,
1375 2559 1526 2625 'essentia

404 2644 572 2801 {egimitiisis
584 2649 845 2803 rfprsesenttetiyi
859 2654 909 2744 est
915 2649 955 2803 ιιιι
970 2649 1161 2803 oplinionum
1172 2647 1361 2803 ltzctetgtnde
1373 2649 1526 2752 scindun·

404 2754 458 2888 ll
466 2753 601 2906 lit?
612 2753 646 2892 tl
659 2754 980 2894 {dedidit
989 2744 1527 2910 ..diffulminat

404 2919 506 2978 treme
519 2914 676 2986 sinistrae,
686 2916 957 2999 exquominontiu
966 2915 1124 3002 quaelibet
1132 2914 1523 2997 etlcrocioreprodibent,

405 3002 507 3066 altero
522 3001 647 3068 soeculo
659 3003 754 3068 dions
766 3013 894 3069 sanctos
908 3005 1128 3089 appellabatur
1136 3005 1180 3090 (lu
1187 3001 1386 3088 dommum:
1395 3009 1521 3080 nostro,

405 3090 550 3162 Moniem
562 3091 768 3174 arripuerunt
779 3089 958 3160 sociolistee
968 3100 1002 3161 et
1013 3093 1255 3160 communistis
1266 3093 1345 3158 Inde
1355 3097 1523 3172 concentu·

405 3178 511 3244 tiones
527 3181 640 3264 quibus
651 3198 727 3263 gens
743 3182 810 3265 ipsu
824 3189 1054 3260 commovetur,
1068 3187 1162 3265 etque
1176 3181 1263 3248 cives
1275 3199 1294 3246 e
1308 3181 1447 3256 civibus,
1459 3182 1523 3246 ira-

405 3272 472 3332 tres
487 3285 505 3332 e
521 3269 687 3345 frutribus,
704 3288 723 3334 e
738 3271 879 3355 putribus
894 3271 956 3337 lilii
971 3274 1006 3338 in
1021 3272 1170 3355 opposita
1184 3269 1419 3338 distrahuntur.
1437 3271 1521 3336 llaec

407 3373 447 3419 ne
459 3355 546 3421 urbis
558 3358 713 3424 tortitudo
725 3364 757 3425 et
769 3360 917 3444 leliqites,
930 3379 971 3426 en
987 3379 1075 3436 vero,
1093 3361 1215 3427 ediecte
1231 3361 1414 3442 linguarum
1425 3359 1520 3424 licen·

406 3444 464 3521 tie,
474 3446 612 3530 Babylon
621 3454 654 3513 et
663 3437 1127 3529 pendeemoniumtl'bersitem
1136 3447 1519 3523 ducibusconvicientem,

406 3539 438 3598 et
455 3536 572 3617 populo
594 3536 824 3614 blandientem,
841 3537 938 3620 virgis
953 3538 1131 3605 confutarit
1149 3537 1416 3622 prudentissimus
1431 3537 1520 3622 Ulpu

179 3642 205 3716 ρ)
221 3644 323 3715 Iliad,
348 3647 383 3704 q,
405 3637 453 3685 sos
466 3621 510 3706 2);
530 3647 548 3686 »
564 3626 661 3708 pugni
677 3623 744 3692 ictu
759 3627 922 3695 interiecit
933 3627 1075 3695 Achilles
1089 3625 1143 3712 (a).

494 3713 585 3778 lllll.
598 3714 688 3783 Nihil
701 3733 777 3800 ergo
789 3718 907 3782 mirum
920 3717 945 3782 si
958 3716 1045 3783 bisce
1057 3715 1223 3794 elementis
1237 3716 1518 3786 consarcinatore

484 3896 524 3967 tul
544 3918 555 3947 ι
570 3900 736 3960 Graecorum
757 3902 929 3974 respublicae
943 3902 1065 3962 sedentis
1076 3901 1214 3962 concionis
1234 3900 1389 3960 temeritate
1404 3898 1518 3958 admini-

407 3975 692 4035 stramen-craecis
702 3979 822 4036 concidit
832 3995 976 4038 ιιιιιιιιιιτι
988 3995 1160 4036 sucorum
1171 3984 1199 4034 et
1212 3990 1492 4034 simoniacorumque
1503 3995 1513 4026 ι

341 4076 346 4088 .
407 4047 475 4114 (Cio.
488 4064 544 4122 pro
556 4049 685 4124 Flacco).
701 4054 812 4112 Dicendi
825 4053 988 4126 pracsertim
999 4055 1175 4113 immoderata
1188 4053 1310 4124 libertas,
1321 4057 1350 4108 et
1359 4053 1516 4109 concionum

407 4121 524 4196 lieentim
539 4127 739 4185 concidentium
750 4130 926 4201 imperiorum
936 4131 1087 4188 novissimis
1101 4128 1269 4200 temporibus
1275 4128 1394 4199 luerunt,
1403 4133 1516 4200 suntque

405 4199 496 4270 bodie,
509 4215 562 4258 noo
575 4202 656 4260 dubis
670 4211 844 4276 argumente.
859 4207 928 4264 Num
939 4205 1094 4279 loquaciora
1107 4213 1230 4277 tempore
1244 4208 1307 4261 tunt
1320 4203 1471 4276 culmisque
1484 4200 1518 4256 ιι·

405 4277 509 4348 erisque
524 4278 690 4336 remissiore.
706 4281 749 4337 sic
759 4281 912 4353 degeneres
923 4283 974 4338 iam
984 4282 1278 4352 Atheniensesomneq
1288 4285 1318 4336 et
1329 4275 1450 4334 eduense
1461 4277 1518 4333 bos·

405 4353 476 4422 pites
489 4351 523 4409 od
539 4352 603 4409 nihil
618 4354 691 4411 eliud
714 4355 858 4427 iacsbant,
880 4365 891 4408 a
908 4355 960 4414 nisi
975 4356 1126 4416 edidicere
1146 4363 1194 4414 ent
1207 4353 1300 4412 audire
1313 4351 1417 4426 aliquid
1432 4352 1489 4408 nori
1504 4371 1515 4401 ι

406 4429 484 4496 μοι.
504 4434 618 4502 Aperi„
634 4431 718 4503 livii,
734 4429 791 4500 ιιι.
807 4430 855 4488 Ubi
869 4427 935 4490 ve'ro
950 4433 1077 4504 insipieus
1092 4431 1241 4506 loquecitas
1254 4427 1360 4504 legibus
1374 4434 1457 4502 etque
1471 4428 1518 4483 im·

406 4504 489 4570 peris
502 4503 667 4576 dominetur,
684 4520 773 4562 nonne
788 4505 1257 4581 melorumextremeimpeodeott,
1317 4527 1318 4532 ¹
