3224 5282
562 363 769 414 rrrurusxu.
1137 341 1181 408 93

104 516 250 591 tempera
266 511 460 576 revixerunt:
474 509 542 592 ipsa
553 527 678 592 quoque
689 509 828 592 episcopi
840 507 994 583 Fischeri,
1005 508 1082 572 olim
1100 525 1227 589 praece-

102 599 206 679 ptoris
220 598 282 674 sui,
301 599 476 663 veneranda
492 599 611 664 canitie
625 600 727 664 securi
739 600 886 676 abscissa,
899 603 935 664 ut
947 599 1107 668 Neronem
1123 598 1157 662 in
1170 599 1226 664 Sc-

103 704 182 750 neca
194 687 335 769 perfecte
350 693 577 769 assequeretur.
594 687 817 754 crudelissima
832 689 975 753 omnium
990 685 1099 768 pestis,
1117 687 1227 750 haere·
1284 763 1289 772 Ι
1401 725 1406 735 -

100 776 143 838 sis
159 779 194 840 et
210 776 321 841 libido.
337 773 386 842 Ex
402 780 476 841 tunc
491 776 749 843 Protestantismi
765 778 897 843 historia
912 780 1011 841 scatet
1022 774 1096 838 tabe
1107 780 1140 838 el
1155 792 1227 838 san·

102 864 213 945 guine:
232 865 311 929 adeo
327 868 361 929 ut
377 883 450 929 vere
465 864 585 932 dictum
600 866 656 940 sit,
671 870 857 931 novatorum
870 865 968 929 annis
978 863 1084 946 plures
1099 870 1163 927 uno
1175 863 1227 928 die

103 953 250 1018 victimas
265 952 458 1028 occubuisse,
476 971 570 1037 quam
586 955 892 1039 totolnqulsitionis
907 960 1064 1034 tempore,
1083 952 1116 1016 in
1132 969 1227 1036 quam

103 1047 170 1106 tam
188 1042 271 1105 mira
287 1043 477 1122 effinguntur
492 1043 538 1105 vel
554 1047 795 1124 exaggerantur.
811 1045 896 1110 Haec
912 1047 1018 1107 autem
1033 1059 1228 1106 commemo·

102 1148 223 1205 ramus,
234 1135 271 1195 ut
282 1135 405 1196 constet
419 1149 459 1196 ex
470 1131 572 1205 lactis,
585 1131 620 1195 iu
634 1132 867 1213 potestantismi
880 1131 1035 1196 natalibus
1048 1129 1127 1194 nihil
1139 1129 1229 1211 digni

104 1219 265 1294 extitisse,
282 1219 363 1283 nibil
380 1219 469 1294 boni,
483 1219 625 1301 nihilque
640 1219 751 1284 divini:
766 1239 805 1286 er
816 1221 956 1296 adverso,
971 1219 1061 1284 foeda
1073 1218 1180 1284 omnia
1195 1223 1229 1284 et

100 1307 275 1383 obscoena,
294 1308 328 1372 in
344 1307 393 1372 ius
410 1313 551 1388 naturae,
571 1307 757 1374 divinumet
772 1310 927 1390 gentium.

197 1397 289 1462 XVI.
305 1395 389 1476 Quid
404 1412 479 1477 ergo
490 1396 784 1464 Protestantismus?
795 1397 947 1474 Schisma,
961 1394 1112 1470 haeresis,
1125 1395 1229 1459 rebel·

103 1483 149 1548 lio
164 1484 201 1548 in
216 1484 403 1561 Ecclesiam,
416 1487 504 1549 cuius
516 1485 703 1550 catholicum
713 1487 814 1552 Roma
824 1491 911 1552 tenet
922 1486 1145 1570 principatum.
1156 1483 1228 1563 Quo

103 1578 265 1656 respectu,
284 1571 366 1638 nunc
381 1573 529 1638 audacter
542 1572 576 1637 in
589 1573 716 1640 ltaliam
729 1574 920 1640 insufflatur.

195 1662 304 1727 xvll.
322 1663 421 1730 Omni
436 1662 557 1726 saeculo
572 1681 646 1728 suae
662 1661 805 1728 haereses
817 1664 1008 1736 extiterunt,
1019 1679 1076 1726 neo
1090 1659 1229 1725 decimo·

103 1755 196 1815 sexto
212 1752 320 1815 deesse
330 1756 490 1834 poterant,
502 1750 685 1816 lasciviente
695 1750 953 1836 philosophorum
961 1751 1098 1824 ratione,
1112 1750 1164 1814 vix
1176 1767 1228 1812 re·

104 1840 190 1903 uatis
206 1839 335 1914 litteris,
347 1841 386 1903 ad
394 1857 590 1920 paganorum
601 1839 835 1923 philosophiam
847 1841 963 1907 iterum
975 1856 1136 1913 conversa;
1147 1837 1230 1902 cleri

103 1931 226 2002 autem,
244 1928 422 2011 principum
445 1932 478 1993 et
493 1930 679 2010 populorum
702 1930 843 1994 moribus
864 1929 927 1995 late
942 1927 1111 2008 corruptis.
1136 1928 1229 1991 'lem-

102 2034 161 2099 pus
177 2017 287 2082 aderat
301 2035 377 2099 quo,
396 2017 507 2098 cupida
523 2036 678 2083 novorum
694 2019 879 2092 multitudo,
889 2017 1028 2083 allicitur
1041 2019 1074 2081 et
1089 2033 1229 2080 comnm-

102 2110 197 2170 vetur
214 2105 349 2170 facilius:
372 2104 484 2170 nebula
501 2106 652 2188 primum,
677 2107 790 2172 deinde
805 2108 935 2182 humen,
953 2106 1037 2170 uude
1057 2104 1228 2186 prudentes

100 2194 291 2275 quandoque
307 2199 513 2258 excaecantur
523 2198 556 2259 et
572 2195 750 2276 rapiuntur.
767 2198 855 2262 Tunc
870 2212 888 2259 a
904 2195 1046 2260 Luthero
1058 2193 1113 2257 illa
1131 2193 1230 2258 iacta-

102 2282 480 2362 bantur'insurgentium
500 2282 566 2347 iere
587 2285 709 2364 magica
732 2284 839 2349 verba:
861 2282 1001 2349 About!
1015 2279 1229 2365 Reformotio!

101 2369 265 2435 Libertas!
279 2372 402 2435 Abusus
417 2374 658 2452 exaggerantur,
674 2375 709 2436 ut
721 2372 943 2438 auctoritatem
955 2370 1099 2437 odiosam
1111 2369 1229 2435 iaciant

103 2477 139 2523 ae
158 2459 383 2540 spernendam.
401 2459 599 2525 Reformatio
616 2477 694 2524 nova
706 2461 885 2543 pollicetur,
899 2478 979 2546 quae
994 2460 1032 2524 ad
1043 2476 1132 2523 suam
1143 2459 1230 2538 quis-
1330 2535 1344 2548 s

102 2567 166 2631 que
183 2548 278 2628 tingit
294 2548 512 2630 cupiditatem.
530 2548 703 2614 Libertatis
723 2549 818 2614 ardor
833 2551 904 2637 (qua
926 2550 1008 2614 nihil
1024 2546 1185 2630 pulchrius
1200 2546 1228 2611 si

103 2653 177 2700 cum
193 2637 276 2717 lege,
294 2636 376 2702 nihil
390 2637 468 2702 adeo
485 2637 612 2702 loedum
630 2638 675 2702 vel
693 2641 785 2704 atrox
798 2639 825 2702 si
841 2658 859 2704 a
874 2639 942 2703 iure
959 2633 1149 2719 secernatur)
1165 2635 1229 2702 iaur

103 2724 303 2790 serventibus
317 2727 406 2791 addit
420 2727 496 2800 alas,
513 2731 550 2792 ut
566 2732 671 2792 vetera
688 2726 736 2790 vel
756 2727 790 2792 in
806 2728 962 2808 religione
977 2729 1025 2792 vel
1039 2727 1073 2791 in
1091 2725 1229 2805 imperio

102 2813 330 2880 dissolvantur:
347 2817 424 2897 quin
440 2819 622 2900 pateatque
638 2815 775 2879 eundum
790 2816 834 2881 sit
849 2817 911 2890 via,
921 2833 983 2898 quo
999 2816 1080 2890 iure,
1099 2830 1161 2894 quo
1176 2832 1231 2878 or-

104 2903 193 2978 dine,
208 2921 351 2986 quaeque
365 2905 430 2970 sint
445 2905 601 2970 veteribus
616 2903 808 2969 sufficienda.
824 2905 872 2969 En
885 2904 1153 2969 insurrectionum
1165 2903 1227 2977 via,

105 2990 198 3057 turer
210 2995 305 3074 atque
316 2993 703 3069 imbecillitasEuertunt,
712 3011 777 3056 non
788 2992 1002 3067 reaedificaut;
1014 2991 1141 3075 abyssus
1153 3008 1231 3072 pan·

106 3080 199 3157 dunt,
219 3099 284 3164 nou
300 3081 448 3165 impleut.

197 3169 324 3236 XVIII.
350 3170 443 3240 Nulla
466 3187 604 3254 unquam
625 3170 890 3238 Protestantismo
915 3171 1089 3235 luctuosior
1112 3169 1229 3234 seditio

106 3257 300 3340 contigeret.
318 3259 539 3341 lamundique
554 3259 794 3325 assuetissimis
809 3261 886 3327 viris
901 3260 957 3324 illa
972 3257 1160 3323 reiormatio
1175 3275 1230 3321 au-

106 3347 300 3429 spicabatur,
310 3366 406 3430 quam
419 3347 607 3412 Tridentina
617 3348 760 3432 Synodus
773 3349 967 3432 perficiebat.
977 3347 1038 3414 Sed
1051 3359 1151 3428 neque
1160 3351 1231 3412 tan-

108 3439 141 3500 ta
152 3435 308 3500 abusuum
319 3436 466 3502 colluvies
477 3437 659 3518 irrepserat,
671 3453 768 3519 quum
781 3457 843 3502 non
857 3438 920 3501 alio
932 3437 1018 3502 torte
1027 3435 1152 3500 saeculo
1162 3439 1231 3520 ,tam

110 3523 216 3606 ampla
226 3526 715 3592 sanctorumacdoctissimorum
727 3527 892 3593 hominum
905 3524 1158 3608 segesextiterit.
1166 3523 1232 3592 Ne·

111 3755 167 3798 ram
180 3741 282 3817 posit03
290 3739 506 3814 capiliimposita
518 3749 561 3800 est
574 3759 676 3801 corona
688 3742 832 3800 straminea
844 3738 887 3798 rel
901 3738 1022 3811 frondea,
1030 3744 1058 3795 et
1070 3753 1104 3795 sa
1117 3736 1232 3808 sulphu-

112 3831 142 3873 re
154 3832 315 3888 consparsa,
325 3832 425 3887 corpus
438 3818 498 3889 palo
511 3819 652 3891 alligatum
662 3818 750 3875 terrea
761 3817 936 3887 calemdpse
947 3815 1102 3872 mrniucem
1113 3814 1231 3885 rogavit,

112 3907 147 3948 ne
156 3908 184 3948 se
195 3891 245 3948 diu
257 3899 409 3964 torqueret.
426 3894 532 3950 luteres
545 3895 662 3951 carnifex
676 3895 764 3966 ignem
778 3893 804 3951 in
814 3893 872 3948 eius
884 3896 1073 3962 conspectum,
1088 3894 1116 3944 ct
1134 3888 1231 3945 deinde

114 3967 141 4022 iu
152 3967 248 4024 orbem
263 3966 393 4024 admovit.
403 3968 575 4040 Homo,viso,
584 3970 654 4042 igne,
666 3969 701 4026 ita
714 3968 881 4025 horrendum
895 3965 1064 4034 exclamarit,
1077 3970 1108 4019 ut
1120 3965 1232 4018 univcr-

113 4056 172 4098 sum
185 4042 320 4114 populum
334 4044 600 4114 perhorruerittlum
613 4044 660 4100 diu
672 4044 826 4116 langueret,
847 4042 957 4099 luerunt
971 4056 1006 4098 ex
1021 4039 1121 4110 populo
1135 4039 1179 4109 qui
1193 4038 1232 4102 la·

113 4117 389 4188 reiculoscontestim
403 4119 587 4176 coniecerunt.
600 4119 661 4188 lpse
675 4118 811 4176 horrenda
823 4132 890 4174 voce
904 4116 1037 4172 clamans:
1048 4116 1119 4184 lesu,
1135 4112 1171 4168 lili
1185 4115 1232 4168 liei

113 4194 228 4265 aeterni,
240 4195 371 4250 miserere
385 4195 448 4250 mail
462 4201 523 4265 post
536 4194 663 4251 dimidiae
677 4196 786 4252 circiter
800 4193 882 4249 horae
896 4192 1056 4257 uncinum,
1066 4189 1229 4258 expiravit.»

188 4268 381 4325 intolerandae
401 4269 557 4342 instinctus,
572 4285 659 4326 novae
672 4269 866 4328 Reformatioui
885 4267 985 4324 intimis
998 4263 1122 4321 medullis
1138 4263 1233 4319 iubae·

114 4349 196 4399 serat.
211 4344 319 4400 Nostris
333 4342 421 4400 adhuc
434 4344 540 4416 diebus,
556 4345 583 4400 in
597 4346 693 4417 llagna
707 4344 855 4412 Britannia.
868 4341 1013 4415 quotannis
1024 4342 1120 4410 Papae,
1129 4339 1158 4394 B.
1172 4339 1233 4394 Vir-

113 4419 196 4491 ginis,
210 4417 381 4490 aliorumque
399 4419 540 4492 imagines,
555 4421 633 4476 stalis
646 4419 742 4476 diebus
756 4425 784 4476 et
797 4418 897 4490 populo
911 4415 1108 4484 conclamante,
1124 4411 1233 4482 publice

114 4493 323 4554 comburuntur.
337 4493 476 4556 Proiectus
488 4509 543 4556 uon
555 4493 649 4555 deluit:
666 4494 730 4555 olim
742 4495 876 4568 homiues,
892 4509 963 4552 nuuc
976 4490 1115 4564 imagines.
