3238 5282
3 471 22 514 n

12 549 22 606 t

2 653 21 696 s

4 744 19 788 's

2 834 19 876 rs

1 905 19 968 t

2 997 17 1058 l

1 1087 17 1150 i

1 1195 16 1240 n

1 1286 16 1333 n

1 1378 15 1420 s

1 1466 12 1512 t

2 1558 13 1600 r

595 253 836 364 munusturi.-
1158 297 1223 362 213

235 464 394 533 llootenus
409 461 448 524 de
464 461 587 544 privetu
602 461 771 554 occisione,
787 481 870 540 nuuc
881 463 920 540 ds
933 459 1072 544 publico,
1085 479 1166 543 ημᾶς
1181 464 1267 546 0391.

146 554 205 622 trli
220 551 378 625 sententis
394 554 571 622 exercetur.
602 619 610 630 ,
1062 615 1067 628 ‚

236 639 542 718 livill-trenusio
559 638 647 704 nelss
662 642 763 710 risum
778 644 826 713 nst
841 656 1037 724 quecumque
1051 639 1090 704 de
1105 657 1196 710 oense
1209 640 1267 706 lro·

144 732 266 806 minem
281 730 436 806 onoirlere,
456 750 473 789 r
489 746 585 813 quem
601 727 685 795 Deus
699 734 843 799 mortum
858 728 976 797 enimsi
994 746 1060 794 esse
1076 728 1175 798 voluit
1189 731 1229 813 1).
1247 755 1264 794 n
1310 725 1333 813 tl
1350 729 1449 782 neore.
1465 731 1515 784 ro-

142 824 259 896 Sootus
267 819 386 898 nnllam
396 818 618 900 exceptionem
632 817 694 901 legi
705 819 831 886 divinae
841 819 880 884 de
887 837 951 886 nou
960 817 1134 888 occidendo
1148 819 1266 886 lenien-
1286 805 1360 870 sni„
1376 802 1421 874 vl,
1439 807 1486 860 ²⁰·

141 913 217 989 dnm
232 909 356 986 statuit,
374 907 436 979 nisi
451 923 547 992 quarn
559 905 617 970 'ills
633 907 832 991 apertissime
847 907 973 974 fecisset
989 905 1031 989 2).
1050 907 1266 992 illustrispm.
1285 878 1341 1020 xil),
1356 878 1387 1024 (¹¹¹¹
1402 878 1458 1008 3ll‚
1483 880 1512 935 u.

142 1019 183 1083 pe
199 998 407 1084 temporibus,
432 997 481 1066 ius
497 994 596 1078 gladii
610 1001 644 1064 et
660 998 747 1062 necis
770 995 1054 1079 ablegavitilnesor
1069 997 1202 1063 Beosrrs
1216 997 1261 1082 3).
1304 1025 1330 1097 3)
1349 1032 1401 1086 nes
1418 1028 1515 1086 parm

141 1091 237 1165 Nune
250 1088 461 1171 politions‚·ut
476 1085 579 1160 siunt,
596 1086 774 1169 opiniones,
800 1086 931 1170 plurimi
944 1086 1087 1151 eximere
1102 1086 1300 1170 nitunturre
1324 1101 1400 1160 clerte
1423 1121 1511 1179 pene,

248 1177 341 1243 XlX.
358 1176 393 1241 si
409 1176 465 1239 hos
481 1175 621 1256 aliosque
634 1193 750 1257 prunos
765 1175 919 1257 excipias,
936 1194 1048 1240 omnes
1063 1192 1170 1242 rernm
1186 1177 1265 1242 eivi·
1284 1183 1310 1244 t·
1328 1182 1375 1236 2⁸.

143 1267 224 1334 lium
240 1270 440 1340 tractatores,
462 1264 545 1346 leges
560 1281 726 1347 moresque
747 1266 892 1332 omniurn
908 1265 1052 1347 gentium
1076 1270 1109 1330 et
1123 1266 1265 1330 soeculo-

139 1374 213 1422 rum
225 1354 273 1427 ips
285 1355 366 1432 nilne
377 1359 410 1420 et
422 1353 507 1424 necis
519 1351 650 1418 summis
661 1353 890 1436 imperantibus
900 1349 1116 1426 contuleruut.
1131 1356 1264 1423 Factum

139 1443 611 1520 anmuuissmnerconstrns
623 1442 767 1512 untursle
778 1443 827 1508 ius
836 1443 965 1534 eiusque
977 1443 1198 1530 necessitatem
1210 1446 1267 1520 sle-

139 1529 658 1614 elerstllerunriueiusorigine
674 1532 871 1616 udlsbornut.
1157 1555 1158 1560 ¹

230 1622 307 1691 XX.
319 1622 596 1702 Quumoensereut
609 1621 767 1696 nonnulli,
779 1620 915 1703 iusquod
926 1620 1043 1701 singuli
1057 1621 1089 1685 in
1102 1621 1263 1706 proprium
1319 1631 1323 1639 ·

141 1711 241 1782 sitnm
256 1709 412 1784 nubebant
424 1709 614 1790 reipublicae
624 1711 826 1784 concessisse,
840 1710 957 1793 aliique
969 1715 1055 1776 recte
1067 1711 1266 1794 animadver-

140 1805 247 1875 terent
263 1799 424 1868 nemiuem
443 1798 511 1886 iure
525 1799 560 1862 iu
578 1800 676 1864 vitam
692 1800 804 1882 potiri,
824 1817 881 1872 nen
896 1799 969 1864 iden
985 1799 1063 1864 illud
1078 1801 1190 1864 cedere
1206 1818 1264 1882 po-

139 1889 249 1964 tuisss3
267 1887 486 1962 bononorum
503 1906 567 1957 nou
582 1905 622 1956 ex
636 1888 845 1970 singulorum·
854 1888 1069 1965 concessione,
1087 1889 1140 1954 soil
1157 1907 1197 1954 er
1212 1909 1265 1956 so·
1282 1955 1285 1958 .
1304 1903 1306 1906 ·

138 1976 268 2054 sistatis
283 1982 408 2055 notura,
422 1976 470 2054 ins
486 1975 569 2055 situs
585 1981 618 2042 et
631 1978 716 2045 necis
730 1978 940 2059 repetendum
955 1977 1135 2048 constituit.
1145 1979 1218 2046 Toti
1230 1998 1264 2044 e·

138 2067 221 2143 nim,
238 2067 387 2142 affirmat,
403 2065 619 2147 proprietates
632 2071 821 2149 competunt
835 2085 914 2150 quoe
930 2067 1121 2150 inpartibus
1137 2085 1200 2132 non
1213 2069 1264 2135 iu·

137 2155 310 2228 veniuntur
324 2153 367 2237 l).
385 2155 479 2234 Quod
494 2160 666 2236 utcumque
682 2175 791 2225 verum
805 2157 861 2232 sit.
874 2156 1016 2224 eiusdem
1030 2158 1109 2223 iuris
1124 2158 1264 2226 existen·
1298 2160 1332 2243 ‚il
1345 2164 1369 2215 1.
1381 2165 1455 2219 nei
1466 2165 1514 2230 ⁶2,

137 2244 219 2314 tinus
236 2259 300 2308 uon
315 2245 500 2316 omnimode
513 2245 645 2318 evincit.
1125 2311 1128 2314 ,
1285 2233 1332 2290 trn.
1348 2237 1420 2308 vill,
1441 2255 1466 2294 0·
1486 2241 1513 2308 t,

228 2333 321 2398 xxi.
333 2333 482 2408 Loekius,
495 2351 590 2416 quern
605 2340 728 2400 secutus
742 2332 1009 2415 eleilsngerius,
1024 2334 1197 2417 quemlibet
1208 2335 1264 2402 lto-
1286 2315 1311 2374 ς·
1335 2315 1356 2366 ¹·

138 2421 260 2500 minem
271 2422 307 2487 in
319 2431 404 2500 stein
414 2431 551 2498 onon
562 2424 713 2506 positum,
725 2423 879 2492 naturalis
890 2423 971 2487 iuris
981 2425 1143 2491 custodem
1152 2443 1188 2490 no
1197 2425 1265 2489 vin·

138 2510 244 2583 (linens
265 2510 360 2576 inisse
375 2517 496 2585 osnset:
522 2530 620 2594 quere
636 2513 805 2594 unicuique
825 2512 1040 2590 commissum,
1066 2518 1101 2580 ut
1115 2515 1154 2578 de
1169 2515 1265 2583 senle-

139 2599 219 2670 rntis
236 2599 406 2668 visurorum
420 2603 649 2670 sumeretlloo
665 2602 739 2666 dein
756 2601 827 2666 iure
838 2619 872 2668 se
883 2619 1038 2684 quemque
1048 2601 1215 2684 spoliasse,
1230 2611 1266 2677 ut

138 2689 219 2754 illud
230 2688 266 2757 io
277 2691 463 2764 societatem
475 2691 673 2756 transferret.
693 2691 788 2757 Nesis
803 2691 914 2772 itaque
927 2695 1133 2774 potestatem,
1150 2711 1214 2758 nou
1227 2711 1266 2760 err

137 2778 283 2847 cessione
298 2778 377 2856 iuris
393 2779 599 2862 repetendum
615 2779 700 2864 quod
714 2782 848 2866 quisque
859 2779 892 2846 iu
905 2798 995 2846 susm
1007 2782 1107 2846 situm
1120 2779 1263 2858 baberet,
1278 2799 1282 2805 ·

139 2975 348 3052 mrbsynotus:
364 2975 515 3034 «Ceterum
526 2974 657 3048 pudicitia
670 2991 723 3035 uon
735 2974 823 3035 solun
834 2973 1012 3048 irreprrsbile
1024 2974 1125 3036 boorrru
1137 2981 1190 3044 erl,
1204 2993 1264 3033 ms·

140 3054 214 3114 xime
228 3055 250 3124 si
264 3053 309 3125 qui
323 3051 377 3113 siin
392 3051 520 3128 turonus,
544 3053 595 3108 ism
610 3052 720 3110 innotos
734 3053 811 3110 uxori
825 3051 871 3124 sit3
893 3049 943 3110 sed
956 3051 1037 3108 etism
1052 3052 1122 3108 inter
1135 3052 1264 3116 oulliorss

139 3128 348 3202 genteseodsnr
364 3127 431 3200 iere,
440 3142 494 3200 quo
508 3127 571 3196 sits,
580 3143 665 3188 censu
676 3128 768 3187 venire
782 3125 1040 3200 solotenusque
1052 3128 1184 3187 sententia
1195 3127 1263 3186 bnon

141 3203 219 3262 vnlde
234 3202 392 3272 necessaris
405 3208 459 3276 est,
474 3201 509 3257 ob
523 3203 653 3276 insignem
668 3203 779 3275 humaui
800 3203 909 3276 generis
923 3201 1079 3272 utilitatem,
1100 3201 1263 3262 familiarum

141 3279 327 3352 concordium,
349 3284 377 3334 et
391 3277 563 3337 commodum
578 3280 715 3334 societatis
728 3277 823 3335 ciuilis.
846 3278 881 3334 lli
894 3277 1011 3350 denique
1026 3293 1116 3333 onnon
1131 3279 1263 3338 eiusmodi

141 3354 249 3412 hostilis
261 3361 339 3412 notus
353 3353 464 3424 plenum
478 3355 520 3410 ius
534 3355 674 3425 praebent,
689 3362 812 3412 extreme
827 3353 947 3410 remedie
959 3352 1093 3410 inversus
1106 3368 1169 3410 eum
1180 3369 1263 3410 usur·

142 3429 238 3504 pruni,
253 3431 310 3504 pul,
329 3437 359 3487 ui
371 3427 509 3486 libidinem
523 3445 600 3486 susm
614 3429 735 3501 supleat,
749 3430 906 3502 pudicitiam
920 3428 999 3486 simin
1011 3438 1039 3486 st
1051 3428 1202 3488 liberiorem
1213 3430 1263 3487 bo·

145 3513 242 3567 uestis
254 3507 370 3568 inminse
383 3503 486 3566 resurr
503 3502 573 3564 linui
587 3506 608 3568 ri
622 3522 675 3579 qun
689 3523 732 3562 res
745 3515 800 3578 est,
822 3506 899 3567 ouius
918 3505 998 3566 nobis
1016 3504 1158 3570 arbitrium
1179 3505 1263 3566 relin-

142 3582 285 3656 quendum
298 3583 344 3650 sit,
365 3582 422 3642 sine
436 3580 519 3643 rubro
533 3580 644 3652 illaesi,
667 3599 728 3644 erm
743 3598 810 3641 usus
823 3582 946 3656 eorporis
957 3582 1043 3660 nostri
1056 3580 1135 3639 elteri
1148 3584 1263 3652 permit·

143 3658 245 3720 lendus
259 3665 313 3718 est.
331 3657 370 3716 ltn
383 3666 424 3732 ut,-
445 3657 491 3731 qni
505 3671 555 3730 per
574 3658 628 3722 vini
642 3657 718 3714 illurn
732 3657 850 3729 quierit,
871 3673 904 3716 eo
918 3657 976 3730 ipso
989 3656 1168 3729 demonsiret,
1190 3657 1263 3730 quorl

142 3733 222 3791 nobis
234 3734 268 3792 sb
282 3750 315 3791 eo
328 3735 452 3812 quaevis,
462 3734 542 3789 elisur
557 3734 626 3790 vitoe
640 3734 689 3803 ipsi
706 3731 852 3798 metuendo
866 3733 934 3808 sini..
946 3733 1002 3790 Neo
1015 3731 1125 3806 defuere
1139 3731 1260 3798 homiues
1359 3781 1362 3786 .

143 3809 269 3884 belluini,
279 3811 335 3883 qui,
344 3825 438 3866 umore
452 3809 479 3864 in
493 3809 612 3865 lurorenr
626 3824 716 3880 serso,
726 3825 758 3864 eo
771 3809 912 3881 progressi
926 3815 999 3882 sunl,
1012 3807 1206 3873 ut'mutrorium
1216 3817 1262 3866 sut

143 3885 278 3957 uirginem
291 3885 392 3942 libidini
404 3886 527 3957 ipsorum
541 3884 724 3942 rolunlrutem
739 3885 932 3945 interficerent.
947 3885 1034 3946 Temo
1047 3884 1126 3956 pluro
1137 3884 1188 3942 ulis
1198 3900 1262 3958 grn-

144 3962 267 4033 rissims,
281 3961 381 4034 quibrrs
393 3961 444 4018 bno
457 3960 537 4020 uredo
550 3959 819 4034 nutrimentu,
835 3958 1016 4018 lnoommorls:
1029 3967 1060 4018 ut
1072 3961 1179 4032 iugrstr
1192 3976 1261 4033 quse

144 4037 243 4098 morito
254 4039 315 4104 ipos
325 4039 414 4102 orsnri
425 4042 540 4110 possunt
549 4035 823 4107 iustidin,tsmsrnrir
835 4035 909 4109 vulgi
919 4034 1017 4102 iutlioin
1027 4042 1081 4094 sto.
1094 4057 1105 4087 s
1120 4035 1188 4105 Quid
1198 4051 1262 4108 grs-

141 4114 261 4177 rissirnis
274 4113 341 4172 sileo
355 4113 505 4179 irensibus
518 4112 688 4188 obiioinmns,
703 4129 758 4178 nnn
771 4112 915 4186 iubemur,
933 4111 985 4176 nisi
998 4111 1115 4170 hominis
1134 4111 1264 4184 perditio-

141 4204 219 4264 nem,
234 4190 279 4262 qui
295 4197 387 4254 tsrueu
402 4205 432 4254 se
446 4191 474 4247 in
488 4187 556 4256 tlon
570 4189 723 4260 periculum
737 4189 809 4249 ultro
823 4188 951 4256 onnienit.
961 4187 1132 4248 Oooisioueur
1147 4185 1264 4246 ndultsri

161 4279 236 4340 num,
252 4265 278 4321 iu
292 4263 389 4334 eodem
403 4272 478 4338 nolu,
494 4267 591 4327 marito
605 4264 646 4322 sel
662 4265 731 4343 putri
745 4265 821 4340 leges
834 4264 926 4334 pisiles
940 4263 1079 4320 dimittunt
1093 4265 1155 4336 (nou
1166 4263 1192 4318 iu
1204 4263 1263 4319 rin·

142 4281 232 4398 aletae
245 4339 503 4415 argumentumrssrl
516 4339 646 4415 doloris),
664 4357 719 4417 unp
732 4341 849 4412 probaui
863 4342 936 4410 ipsse
951 4337 1026 4412 leges
1048 4339 1097 4396 sed
1111 4338 1260 4410 periurium

142 4427 249 4488 nosque
263 4419 428 4475 oooisiosem
446 4415 708 4487 illustrissimum,
723 4433 788 4474 oum
802 4415 907 4474 nullom
923 4416 976 4474 ism
989 4415 1086 4472 bobert
1099 4413 1262 4470 detonsionis

137 4508 267 4552 ornum:
282 4499 312 4552 si
325 4509 371 4552 rus
383 4493 436 4552 slis
448 4500 502 4564 nst,
517 4509 581 4556 uum
592 4494 628 4554 sle
642 4493 767 4554 mulieris
779 4492 937 4554 demoritur
949 4498 1055 4568 igetur
1074 4490 1121 4566 lt·
1136 4492 1172 4548 20
1186 4495 1214 4548 st
1225 4491 1261 4547 ll

141 4568 177 4627 rrl
192 4565 211 4626 Ι.
230 4568 342 4631 lulium
355 4570 390 4630 do
403 4569 504 4644 stult.)
