3224 5282
416 317 482 386 122
858 321 953 374 uara
966 320 1003 372 n.

371 480 581 550 hereditatem
594 471 754 560 capiendi,
763 487 879 556 suaque
891 467 1040 536 omnibus
1054 465 1238 549 possidendi
1246 482 1283 532 ac
1291 466 1418 532 tuendi.
1429 469 1519 534 lmo·

372 574 439 655 ipsa
455 569 626 652 aequalitas
641 562 784 637 moralis,
805 576 867 643 qua
882 557 998 623 merita
1013 562 1047 623 et
1062 557 1131 621 iura
1151 557 1246 658 rebus
1267 555 1387 623 debent
1407 575 1503 624 eoae-

373 660 476 747 quari,
499 655 674 724 necessario
690 649 889 719 materialem
905 646 1028 712 inducit
1049 645 1326 729 inaequalitatem.
1346 646 1436 712 llaec
1449 665 1503 712 ra-

393 747 539 814 'onabilia
555 750 587 810 et
597 760 687 809 uera.

373 757 399 817 n
462 833 644 906 lll.Cetera
654 833 694 897 de
704 826 925 896 conditionum
941 828 974 890 et
986 823 1192 907 proprietatis
1207 823 1414 906 aequalitate,
1429 825 1504 889 ina-

375 927 429 994 nia
442 929 516 990 sunt
538 927 572 989 et
586 919 803 1004 impossibilia.
827 913 958 982 Etenim
973 912 1169 978 decernenda
1191 919 1274 979 essct
1289 915 1504 1017 auteomnia

373 1012 548 1101 aequalitas
562 1011 678 1078 virium
693 1012 726 1075 et
741 1006 934 1079 animorum,
950 1002 1123 1087 aequalitas
1137 1001 1284 1067 solertiae
1302 1018 1340 1066 ac
1352 1007 1502 1080 vrrtutrs‚

374 1101 547 1188 aequalitas
559 1099 700 1166 laborum
709 1102 742 1163 et
752 1095 954 1168 meritorum,
964 1097 1001 1157 ut
1010 1090 1180 1175 aequalitas
1191 1092 1503 1174 responderetprae·

374 1193 514 1260 miorum
529 1195 563 1257 et
576 1186 821 1271 stipendiorum.
838 1181 982 1247 Libertas
997 1181 1149 1245 niminrm
1163 1185 1197 1246 et
1214 1197 1349 1264 persona
1366 1182 1438 1262 ipsa
1451 1181 1503 1285 lo:

375 1286 450 1350 reni
470 1279 634 1347 delendae.
658 1275 794 1342 Pulchra
809 1276 915 1346 autem
930 1270 1076 1344 societas,
1099 1269 1133 1333 in
1146 1287 1208 1353 qua
1222 1269 1381 1346 homines,
1399 1271 1502 1337 relutr

375 1371 452 1455 equi
466 1377 520 1437 aut
535 1369 642 1440 boves,
655 1365 766 1430 eodem
780 1365 1002 1450 premerentur
1016 1360 1103 1441 iugo,
1116 1364 1152 1424 ut
1162 1377 1226 1423 uno
1238 1360 1413 1443 eodemque
1426 1377 1502 1442 gra-

377 1461 420 1528 du
431 1453 626 1526 incederentl
635 1452 769 1520 Pulchra
783 1450 978 1532 gubernandi
992 1467 1055 1524 ars,
1065 1459 1144 1530 quae
1159 1448 1303 1513 homines
1318 1449 1410 1533 quasi
1422 1467 1502 1514 oves

379 1548 418 1617 ad
431 1547 540 1615 eadem
555 1561 670 1628 pascua
684 1542 830 1622 idemque
844 1556 973 1622 presepe
986 1533 1202 1621 compelleret!
1216 1537 1276 1603 Sed
1287 1537 1438 1603 homines
1449 1556 1503 1603 su-

379 1655 462 1706 mus.
479 1635 593 1702 Varias
614 1634 656 1698 la‘
699 1635 776 1698 'ates
791 1647 810 1695 a
825 1633 937 1694 natura
952 1629 1128 1703 intulimus,
1144 1644 1181 1692 ao
1194 1629 1325 1708 insuper
1347 1643 1366 1728 a
1383 1633 1501 1693 natura

379 1727 429 1796 ius
444 1729 476 1792 et
490 1725 672 1792 libertatern
693 1719 867 1793 hausimus,
888 1717 957 1782 illas
972 1718 1131 1783 voluntate
1144 1721 1239 1798 atque
1252 1715 1384 1797 ingenro
1399 1735 1501 1798 expo-
1598 1807 1599 1810 Ἴ

379 1803 1501 1893 liendi,acuendiperllclendi:undepraeclarissimusingeniorumsti·
1598 1819 1599 1822 ’

378 1904 494 1977 mulus,
516 1900 700 1967 aemulatio.
719 1900 769 1964 En
789 1897 888 1980 igitur
902 1897 1019 1961 iurium
1034 1895 1174 1977 genesim
1193 1895 1368 1995 ettseriem:
1386 1894 1501 1998 1..·ae-

379 1992 471 2080 quale
485 1990 535 2053 ius
551 1988 584 2050 in
600 1987 762 2051 communi
779 2002 880 2066 agone
893 1984 1104 2050 contendendi
1119 1985 1158 2048 ad
1171 1987 1307 2065 potrora;
1322 1983 1355 2085 ²:
1374 1983 1500 2060 srrrbus

380 2087 474 2166 atque
490 2073 627 2156 ingeniis
639 2074 777 2156 aequalis
793 2074 921 2139 libertas
932 2091 966 2138 se
976 2073 1136 2148 exerenda
1151 2070 1183 2137 3.
1197 2071 1325 2155 aequale
1341 2089 1392 2136 rus
1403 2089 1499 2154 prae-

378 2170 454 2240 miis
468 2169 501 2232 et
514 2160 669 2228 fructibus
684 2160 800 2226 virium
812 2166 845 2228 et
856 2161 1068 2245 ingeniorum,
1086 2178 1297 2246 quaecumque
1308 2160 1386 2240 sint,
1401 2167 1498 2227 uten-

381 2258 415 2324 di
429 2271 466 2321 ac
480 2247 617 2318 fruendi.
1297 2285 1301 2290 -

470 2338 621 2417 lV.Ergo
630 2351 703 2400 cum
712 2333 940 2418 inaequalitate
952 2336 1494 2416 virium,uoluntatumaclaborum,

382 2446 541 2514 nunquam
552 2423 700 2490 subsistet
710 2426 884 2490 materialis
895 2431 1068 2512 aequalitas
1078 2429 1319 2512 proprietatum,
1333 2428 1496 2494 conditio-

382 2537 458 2588 num
473 2523 566 2598 atque
580 2512 750 2576 bonomm.
767 2511 866 2590 Num,
882 2524 1017 2586 canente
1032 2519 1193 2593 Lucretio,

154 2802 180 2872 η
195 2793 253 2853 qq,
276 2789 306 2859 p,
328 2801 355 2840 v,
567 2767 687 2826 Foedere
701 2773 813 2826 naturas
826 2775 913 2844 certo,
932 2694 1235 2838 disertmtuoosnelsveasdt
1251 2778 1285 2850 lt.

133 2877 197 2936 ω’
375 2942 569 3018 Discrimina
584 2941 663 3006 haec
678 2941 835 3006 naturalia
851 2945 890 3008 ad
906 2951 1132 3032 aequalitatem
1154 2971 1361 3038 compescere,
1384 2960 1422 3021 ut
1437 2975 1493 3024 ne·

374 3051 428 3102 mo
440 3029 571 3110 ingenio
583 3034 740 3111 assurgat,
754 3048 847 3096 nemo
860 3035 973 3117 opibus
986 3042 1032 3106 vel
1043 3041 1291 3110 honorificentiis
1306 3044 1489 3121 extollatur,

374 3120 450 3206 quid
465 3121 515 3182 est
530 3116 615 3182 aliud
629 3135 725 3199 quam
747 3119 782 3184 in
799 3120 977 3194 abiectione
998 3134 1032 3196 et
1047 3131 1082 3196 in
1097 3134 1260 3212 teterrima
1282 3134 1427 3201 omnium
1441 3140 1493 3219 tq·

373 3205 507 3276 rannide
521 3206 745 3288 aequalitatem
760 3212 968 3280 constitueret

372 3355 375 3360 ,
462 3291 505 3357 V.
514 3293 621 3373 Quare
635 3296 737 3371 Plato,
748 3296 782 3360 in
801 3298 883 3364 libro
898 3303 937 3368 de
945 3304 1075 3390 Legibus
1083 3309 1257 3394 sapientior
1271 3327 1364 3394 quam
1379 3311 1416 3376 in
1427 3310 1489 3377 Re-

367 3379 504 3468 publico,
522 3383 644 3462 optime
666 3385 903 3456 animadvertit:
923 3413 940 3452 a
957 3396 1047 3461 luter
1061 3399 1237 3482 inaequalia
1259 3400 1487 3482 aequalitatem

368 3472 518 3546 inducere
532 3472 600 3536 siue
611 3473 695 3536 iusto
704 3478 918 3558 proportione,
928 3481 1080 3565 iniquitas
1092 3487 1197 3554 lieret.
1208 3487 1358 3554 Extrema
1369 3507 1488 3572 aequa-

148 3584 347 3680 fflfflq,
369 3558 470 3644 litatis
485 3562 518 3624 et
533 3558 778 3644 inaequalitatis,
793 3581 891 3647 regna
905 3572 1114 3641 seditionibus
1130 3575 1319 3660 implenti).
1334 3599 1351 3642 o
1364 3582 1487 3654 Aurea,

366 3649 401 3714 in
417 3651 554 3729 utraque
566 3655 669 3728 parte,
683 3650 761 3716 haec
777 3654 918 3723 Platonis
933 3665 1101 3728 sententia.
1116 3667 1199 3733 Nam
1211 3667 1246 3730 in
1258 3667 1373 3748 prima,
1387 3667 1490 3734 infert

366 3755 406 3804 ex
420 3753 528 3800 rerum
543 3739 690 3814 essentia,
713 3757 859 3827 eosquos
874 3754 986 3814 natura
1002 3752 1119 3819 viribus
1134 3761 1167 3821 et
1183 3755 1320 3838 ingeniis
1336 3757 1489 3841 inaequa-

365 3825 410 3890 les
422 3825 603 3902 constituit,
613 3825 717 3892 ferrea
728 3847 873 3899 mensura
886 3839 963 3902 velle
977 3841 1017 3903 ad
1028 3845 1245 3909 omnimodam
1261 3845 1488 3927 aequalitatem

362 3913 565 3996 compellere,
576 3933 730 3982 summam
737 3920 1070 4007 ess'einaequalitatem
1082 3937 1177 4013 atque
1188 3933 1404 4015 iniquitatem.
1418 3935 1486 4011 Sic,

364 4001 440 4068 lieet
455 4002 564 4067 omnia
579 4005 739 4088 triangula
755 4011 810 4074 uni
825 4018 858 4079 et
874 4017 996 4096 aequali
1011 4018 1074 4100 legi
1089 4021 1308 4097 subiicientur,
1322 4027 1358 4090 ut
1373 4041 1488 4092 eorum

362 4106 455 4156 areae
469 4097 605 4173 aequent
620 4096 807 4174 productum
822 4101 904 4167 basis
920 4104 954 4166 in
969 4105 1134 4173 dimidiam
1151 4111 1365 4186 altitudinem,
1376 4112 1427 4177 vel
1440 4115 1488 4182 ui·

361 4195 499 4255 ceversa;
517 4182 659 4264 sequitur
676 4203 716 4250 ne
727 4189 839 4258 omnia
855 4193 1034 4275 aequalibus
1058 4199 1141 4263 areis
1156 4201 1325 4265 constaret
1345 4201 1488 4270 Minime

359 4283 447 4332 sane:
458 4269 511 4334 sed
523 4271 592 4351 ipsa
603 4273 655 4338 lex
666 4277 829 4356 naturalis,
842 4287 987 4347 arearum
998 4284 1122 4352 inducit
1137 4288 1411 4371 inaequalitatem,
1422 4309 1486 4373 pro

359 4355 443 4422 basis
457 4363 490 4424 et
507 4359 641 4427 laterum
656 4366 822 4432 varietate.
837 4372 866 4434 Α
879 4371 948 4454 pari
965 4371 999 4438 in
1015 4372 1211 4453 bominibus,
1222 4395 1357 4461 quorum
1375 4382 1486 4464 acqui·

358 4443 501 4524 sitiones,
512 4448 658 4527 dixerim,
669 4461 805 4538 aequant
816 4458 1002 4539 productum
1017 4465 1204 4545 capacitatis
1216 4467 1250 4531 in
1263 4467 1483 4549 diligentiam.

359 4534 394 4602 Si
409 4535 515 4602 demas
535 4538 615 4604 bano
631 4543 884 4625 proportionem,
903 4552 1049 4619 naturam
1065 4553 1233 4638 infringes.
1260 4557 1345 4638 Ergo
1361 4556 1487 4640 iniqui-
