3200 5272
410 291 477 361 336
836 267 997 364 'tranunt

366 457 406 525 de
419 457 530 526 lelae
544 459 760 534 matrimonio,
777 475 872 544 quam
882 460 1009 526 Tiberio
1021 459 1143 530 Neroni
1152 463 1365 539 subtraxerat,
1374 477 1485 531 sacer-

366 548 479 616 dotum
493 549 617 632 quaerit
631 567 790 634 responsa:
800 570 817 609 r
827 549 871 616 Et
884 549 1019 616 consulti
1036 567 1092 631 per
1104 551 1276 616 ludibrium
1292 555 1483 634 pontillces,

152 643 175 710 ll
188 643 267 711 rac,
283 645 346 698 Aa·
367 655 409 703 an
424 643 588 722 concepto,
599 639 731 704 necdum
746 637 833 704 edito
844 643 948 720 partu,
958 638 1021 704 rite
1033 640 1165 707 nuberet
1174 638 1217 723 1).
1230 639 1342 706 avolo
1351 660 1485 708 comoe-

116 715 195 792 ΜΗ
212 716 233 788 ¹2
252 717 297 774 ¹⁰·
367 725 465 803 diam,
480 727 689 794 sacerdotium
713 726 952 810 philippizabatr
969 745 1020 792 res
1035 733 1163 794 manet:
1179 730 1318 794 consulti
1332 731 1485 796 sacerdo-
1590 745 1591 748 ’

367 821 428 883 les.
446 817 495 883 Ad
509 821 576 883 tam
592 818 744 884 invictam
758 817 934 882 seculorum
953 819 987 880 et
1000 816 1145 898 gentium
1160 817 1387 893 traditionem,
1404 838 1486 904 qua-

367 923 441 970 nam
455 905 637 972 obtruditur
651 907 769 971 fronte.
786 903 958 971 Ecclesiam
969 905 1148 989 principum
1160 905 1295 989 milatus,
1309 908 1403 989 quasi
1417 927 1485 974 non

366 993 455 1059 omui
471 999 613 1078 tempore
626 1011 714 1060 saura
727 1011 779 1059 res
792 993 948 1070 extiterit,
962 994 1203 1060 matrimonium
1210 995 1415 1062 subduxisset
1430 1001 1484 1062 An

367 1100 432 1148 non
445 1083 485 1148 de
498 1087 663 1150 contractu
677 1082 827 1165 agebatur
841 1080 964 1154 Liviam
975 1081 1061 1148 inter
1074 1087 1108 1149 el
1119 1084 1311 1166 Arrgrrstumi
1325 1088 1485 1152 Attamen

366 1169 407 1236 de
421 1169 492 1248 illo,
504 1189 568 1238 nou
583 1172 845 1247 tabularum,non
860 1177 1000 1246 senatus,
1010 1189 1073 1236 non
1084 1172 1316 1256 praetoris,sed
1329 1174 1482 1240 sacerdo·

369 1264 438 1326 lum
448 1278 600 1344 responsa
610 1259 910 1344 quaerebantnr.ltn
922 1277 987 1325 non
997 1261 1109 1326 saitem
1116 1261 1254 1326 Ecclesia
1266 1262 1384 1328 eodem
1395 1263 1486 1328 true·

369 1353 420 1416 tur
434 1349 518 1427 iuro,
538 1368 601 1436 quo
615 1347 785 1432 religiones
801 1351 925 1414 ostorao
938 1348 1165 1432 potiebantrul
1179 1356 1231 1417 An
1249 1350 1349 1416 bodie
1363 1353 1482 1435 magis,

369 1454 465 1524 quam
478 1437 613 1521 Augusti
628 1454 719 1513 aevo,
735 1436 851 1520 pagani
864 1437 998 1502 orimus?

447 1527 524 1596 XV.
533 1524 1397 1610 Abiectissimapbilosopbiaatiurlsprudeutia‚quaeut
1408 1547 1489 1612 gen·

371 1621 419 1684 tm
432 1617 595 1682 subtrahat
608 1633 649 1681 ex
662 1615 721 1681 liei
736 1615 1054 1698 imperio,bominum
1070 1616 1149 1698 ipsa,
1159 1621 1196 1682 ut
1210 1617 1308 1682 Arabi
1324 1635 1487 1700 equorum

369 1705 660 1781 coniunctionibus,
670 1703 1488 1788 relutpacudumretrditionibus,legemdioit!0uam

368 1795 516 1861 sublimia
538 1812 579 1860 ex
592 1794 723 1860 adverso
738 1793 964 1876 Apostolorum
981 1809 1085 1868 sensa,
1101 1793 1342 1859 matrimonium
1356 1811 1489 1878 semper

369 1883 590 1951 adbibenlium
604 1887 640 1949 ut
652 1882 786 1967 liguram
800 1881 1015 1948 sanctissimae
1025 1880 1145 1948 Christi
1159 1882 1397 1949 coniunctionis
1409 1903 1487 1950 cunr

369 1971 523 2042 Ecclesia!
541 1993 560 2034 a
575 1972 726 2040 Mulieres
740 1970 817 2036 viris
829 1972 894 2036 suis
907 1969 1048 2036 subditae
1059 1970 1136 2046 sint,
1147 1971 1229 2037 siout
1239 1970 1395 2049 Domino,
1404 1992 1490 2056 quo-

283 2063 303 2096 ''
342 2061 352 2090 ²
371 2061 458 2128 niam
466 2063 613 2144 rirraput
619 2067 668 2128 est
674 2060 829 2134 mulieris,
837 2060 919 2125 sicul
926 2057 1069 2125 Christus
1077 2063 1171 2143 caput
1178 2063 1227 2126 est
1234 2060 1396 2126 Ecclesiae
1405 2061 1454 2146 2).
1469 2087 1487 2126 u

372 2170 392 2211 a
407 2150 497 2218 Sicut
510 2148 651 2216 Ecclesia
672 2149 812 2214 subiecta
826 2155 876 2215 est
890 2147 1028 2224 (infimo,
1043 2149 1090 2214 ita
1110 2149 1259 2214 mulieres
1273 2150 1352 2214 uiris
1365 2150 1435 2216 suis
1453 2153 1489 2216 in

371 2239 518 2305 omnibus
532 2235 578 2320 3).
597 2261 616 2300 s
632 2257 652 2298 a
667 2237 754 2314 Viri,
770 2237 897 2320 diligite
909 2255 1023 2302 moras
1037 2241 1166 2313 uestras,
1181 2237 1263 2304 siout
1277 2235 1427 2305 Christus
1437 2241 1490 2305 di·

372 2327 450 2394 laxit
464 2325 652 2403 Ecclesiam,
668 2331 703 2394 et
716 2327 853 2410 seipsum
868 2326 1001 2394 tradidit
1014 2344 1073 2410 pro
1087 2344 1125 2391 ea
1138 2324 1183 2412 t).
1202 2349 1221 2390 s
1239 2347 1257 2387 u
1273 2325 1350 2391 Viri
1364 2329 1487 2395 debent

369 2417 501 2498 diligere
511 2433 627 2481 rrxores
637 2433 708 2482 suas
721 2422 758 2483 ut
765 2434 899 2500 corpora
908 2434 977 2482 sua.
985 2415 1143 2496 Quisnam
1150 2433 1281 2482 uxorem
1292 2415 1416 2499 diligit,
1424 2418 1491 2482 sei-

370 2525 461 2590 psum
476 2505 596 2587 diligit.
612 2505 716 2574 Nemo
729 2506 816 2572 enirn
830 2522 960 2572 carnem
971 2522 1061 2570 snam
1074 2505 1147 2570 odio
1169 2504 1292 2581 lrabrul,
1309 2507 1366 2572 sed
1382 2507 1489 2572 nutrit

370 2601 404 2664 et
418 2596 505 2663 toret
520 2611 603 2670 sam,
619 2594 702 2660 sicut
713 2600 747 2661 et
761 2593 905 2662 Christus
918 2594 1091 2662 Ecclesiam
1106 2591 1149 2678 5).
1164 2617 1182 2658 a
1195 2592 1274 2674 Quis
1289 2593 1350 2660 hae
1365 2597 1490 2661 mentis

369 2684 609 2759 celsitudine,et
619 2682 787 2750 affectuum
798 2684 942 2766 puritate
949 2681 1235 2765 etgranditatenon
1246 2681 1406 2765 rapiatru?
1412 2684 1489 2752 Non

284 2837 286 2842 .
370 2775 657 2855 olleoerautmeque
667 2773 805 2839 alliciant
814 2773 970 2838 hnmanae
979 2773 1125 2854 regmos
1134 2770 1298 2838 bominum
1308 2789 1410 2854 genus
1421 2790 1489 2837 uon

371 2861 606 2930 volutareturin
618 2877 731 2928 coeno:
740 2863 837 2930 rectis
844 2860 1199 2928 illedidnuslrominem
1208 2861 1405 2928 erexeratad
1415 2877 1490 2928 cae-

371 2953 449 3020 lum.
464 2949 576 3017 Adbuc
591 2967 632 3015 ne
646 2949 743 3034 igitur
757 2950 971 3034 usurpationis
983 2951 1188 3032 redarguatur
1197 2948 1352 3016 Ecclesia?
1360 2952 1415 3016 An
1428 2967 1489 3031 po

371 3039 436 3110 tius
450 3038 609 3106 inauditus
623 3038 703 3105 adeo
713 3057 820 3107 sermo
828 3059 892 3105 non
903 3039 1039 3116 erinoet,
1049 3057 1162 3106 noram
1172 3038 1359 3124 quaemdam
1369 3039 1488 3106 matri-

371 3129 482 3198 moulo
497 3125 699 3196 sanctitatem
714 3129 896 3196 accessisset
909 3129 961 3196 Eu
976 3146 1076 3194 norae
1087 3128 1165 3211 legis
1178 3131 1425 3210 sacramentum.

379 3237 382 3244 ’
461 3216 552 3285 XVI.
570 3213 655 3297 Quid
669 3216 832 3284 enimuero
846 3215 1006 3285 Christum?
1016 3217 1060 3285 Ut
1071 3218 1199 3300 dignam
1213 3221 1415 3282 mommento
1431 3235 1489 3298 pa-

367 3312 424 3393 ⁸ret
434 3305 615 3381 materiam,
625 3311 823 3374 contractum
834 3306 938 3391 ipsum
949 3306 1142 3389 aggreditur.
1152 3305 1336 3388 Principum
1346 3305 1436 3386 leges
1447 3306 1489 3371 de

371 3397 510 3466 divortio
524 3395 663 3462 absolute
677 3395 821 3462 dissolvit
831 3414 868 3462 ac
881 3394 1000 3462 reiicit.
1017 3395 1156 3477 Usurpat
1170 3413 1210 3460 ue
1227 3395 1295 3479 ipse
1309 3393 1487 3477 imperato-

371 3487 475 3557 ribusl
489 3489 559 3556 lmo
573 3499 654 3570 quae
667 3484 729 3569 ipsi
744 3487 981 3569 usurpaverunt,
995 3484 1133 3550 nabuali
1146 3486 1179 3550 et
1192 3483 1301 3552 divino
1311 3482 1376 3547 iuri
1392 3484 1490 3550 rasti·

371 3577 448 3654 tuit,
455 3580 637 3644 contractus
645 3573 797 3642 nimirum
807 3574 1028 3640 substantiam.
1036 3573 1159 3640 Eodem
1172 3571 1406 3654 inreApostoli,
1417 3573 1488 3638 nul·

371 3669 403 3735 la
417 3667 627 3733 humanamm
642 3663 747 3749 legum
760 3665 886 3731 ratione
902 3661 1022 3736 habita,
1040 3661 1252 3747 polygamiam
1266 3664 1300 3726 et
1311 3659 1488 3727 divortium

369 3759 536 3824 damnant.
554 3753 669 3821 Paulus
682 3755 718 3822 in
734 3754 839 3839 prima
854 3753 894 3819 ad
903 3751 1087 3820 Corinthios
1102 3749 1247 3834 epistola,
1256 3750 1305 3814 ius
1319 3748 1399 3814 dicit
1414 3749 1489 3814 inti·

369 3847 489 3914 delium
505 3843 725 3918 matrimonio,
735 3860 800 3909 uno
813 3859 854 3908 ex
864 3840 1050 3924 coniugium
1061 3841 1101 3907 ad
1111 3841 1207 3906 tidem
1221 3855 1383 3905 converso.
1393 3839 1490 3921 lgna·

369 3936 434 4005 tius
449 3937 588 4017 martyr,
603 3932 833 4015 Athenagoras,
850 3950 878 3997 s.
895 3931 1056 4008 Irenaeum,
1074 3929 1298 4003 Tertrdlianus,
1313 3926 1486 4009 Origenes,

371 4021 543 4109 regendum
551 4021 711 4089 Ecclesiae
718 4021 838 4105 legibus
845 4018 1086 4096 matrimonium
1096 4019 1265 4084 affirmant.
1273 4016 1490 4085 Christianam

371 4112 650 4200 iurisprudentiam
661 4111 869 4194 imperatores
880 4107 1053 4191 recipiunt,
1063 4107 1166 4191 quoad
1180 4107 1294 4190 pagani
1305 4105 1408 4171 adbuc
1419 4123 1489 4171 mo

372 4226 424 4277 res
438 4204 596 4273 ferebant.
612 4199 752 4269 Ecclesia
766 4198 879 4267 statuit
892 4195 1134 4281 impedimenta,
1151 4195 1298 4279 nullaque
1313 4196 1491 4276 imperato-

372 4316 436 4376 res,
453 4294 517 4362 uisi
531 4292 588 4359 illa
603 4290 809 4378 approbante.
825 4287 879 4356 lus
894 4290 963 4354 erat
977 4286 1152 4371 publicum,
1168 4282 1489 4361 certum‚universale

372 4391 407 4457 et
421 4387 581 4461 constaus3
599 4379 810 4466 usurpationis
824 4395 888 4448 vox
900 4394 1061 4462 nunquam
1076 4377 1194 4450 audita,
1210 4375 1272 4440 nisi
1286 4392 1305 4439 a
1319 4372 1427 4440 carnis
1441 4373 1491 4440 rel

374 4475 555 4566 principum
569 4471 823 4548 assentatoribus,
834 4485 906 4535 sero
920 4471 1040 4541 autem,
1053 4471 1126 4548 post
1139 4484 1195 4532 sex
1208 4469 1242 4531 ot
1256 4463 1365 4566 docem
1378 4479 1487 4528 saecu

375 4567 417 4636 la,
437 4589 455 4630 r
471 4563 627 4643 cbristus,
639 4561 686 4633 ait
699 4561 839 4634 Gallos
853 4557 1104 4635 iuusconsultus,
1114 4575 1154 4627 er
1164 4553 1369 4626 matrimonio
1384 4567 1486 4620 sacra·
