<?xml version="1.0" encoding="UTF-8"?>
<!DOCTYPE html PUBLIC "-//W3C//DTD XHTML 1.0 Transitional//EN"
    "http://www.w3.org/TR/xhtml1/DTD/xhtml1-transitional.dtd">
<html xmlns="http://www.w3.org/1999/xhtml" xml:lang="en" lang="en">
 <head>
  <title>
</title>
<meta http-equiv="Content-Type" content="text/html;charset=utf-8" />
  <meta name='ocr-system' content='tesseract 3.04.00' />
  <meta name='ocr-capabilities' content='ocr_page ocr_carea ocr_par ocr_line ocrx_word'/>
</head>
<body>
  <div class='ocr_page' id='page_1' title='image "./iurisnaturaeetg01audigoog_0204.png"; bbox 0 0 3238 5282; ppageno 0'>
   <div class='ocr_carea' id='block_1_1' title="bbox 569 271 1200 346">
    <p class='ocr_par' dir='ltr' id='par_1_1' title="bbox 569 271 1200 346">
     <span class='ocr_line' id='line_1_1' title="bbox 569 271 1200 346; baseline -0.005 -5"><span class='ocrx_word' id='word_1_1' title='bbox 569 293 702 346; x_wconf 79' lang='grc'>11111111</span> <span class='ocrx_word' id='word_1_2' title='bbox 717 293 789 346; x_wconf 87' lang='lat' dir='ltr'><strong>xru.</strong></span> <span class='ocrx_word' id='word_1_3' title='bbox 1137 271 1200 338; x_wconf 86' lang='grc'><strong>183</strong></span> 
     </span>
    </p>
   </div>
   <div class='ocr_carea' id='block_1_2' title="bbox 115 437 1500 3200">
    <p class='ocr_par' dir='ltr' id='par_1_2' title="bbox 115 437 1500 3200">
     <span class='ocr_line' id='line_1_2' title="bbox 115 437 1246 526; baseline -0.006 -18"><span class='ocrx_word' id='word_1_4' title='bbox 115 444 179 508; x_wconf 88' lang='lat' dir='ltr'><strong>lius</strong></span> <span class='ocrx_word' id='word_1_5' title='bbox 194 442 320 516; x_wconf 88' lang='lat' dir='ltr'><strong>Caesar,</strong></span> <span class='ocrx_word' id='word_1_6' title='bbox 332 442 519 506; x_wconf 85' lang='lat' dir='ltr'><strong>testantibus</strong></span> <span class='ocrx_word' id='word_1_7' title='bbox 532 441 683 508; x_wconf 89' lang='lat' dir='ltr'><strong>Svctonio</strong></span> <span class='ocrx_word' id='word_1_8' title='bbox 699 449 732 510; x_wconf 91' lang='lat' dir='ltr'><strong>ct</strong></span> <span class='ocrx_word' id='word_1_9' title='bbox 742 441 924 509; x_wconf 89' lang='lat' dir='ltr'><strong>Plutarcho.</strong></span> <span class='ocrx_word' id='word_1_10' title='bbox 937 445 964 506; x_wconf 83' lang='lat' dir='ltr'>A</span> <span class='ocrx_word' id='word_1_11' title='bbox 981 437 1092 526; x_wconf 75' lang='lat' dir='ltr'><strong>piratis</strong></span> <span class='ocrx_word' id='word_1_12' title='bbox 1110 455 1246 521; x_wconf 90' lang='lat' dir='ltr'><strong>namque</strong></span> 
     </span>
     <span class='ocr_line' id='line_1_3' title="bbox 116 527 1247 614; baseline -0.005 -18"><span class='ocrx_word' id='word_1_13' title='bbox 116 535 157 596; x_wconf 87' lang='lat' dir='ltr'><strong>ad</strong></span> <span class='ocrx_word' id='word_1_14' title='bbox 173 533 414 598; x_wconf 76' lang='lat' dir='ltr'><strong>Pharmacusam</strong></span> <span class='ocrx_word' id='word_1_15' title='bbox 430 531 697 613; x_wconf 87' lang='lat' dir='ltr'><strong>insulamcaptus,</strong></span> <span class='ocrx_word' id='word_1_16' title='bbox 713 539 746 598; x_wconf 91' lang='lat' dir='ltr'><strong>et</strong></span> <span class='ocrx_word' id='word_1_17' title='bbox 758 530 987 614; x_wconf 77' lang='lat' dir='ltr'><strong>quinquaginta</strong></span> <span class='ocrx_word' id='word_1_18' title='bbox 1003 528 1120 594; x_wconf 90' lang='lat' dir='ltr'><strong>talenta</strong></span> <span class='ocrx_word' id='word_1_19' title='bbox 1133 545 1193 608; x_wconf 93' lang='lat' dir='ltr'><strong>pro</strong></span> <span class='ocrx_word' id='word_1_20' title='bbox 1208 527 1247 590; x_wconf 92' lang='lat' dir='ltr'><strong>li-</strong></span> 
     </span>
     <span class='ocr_line' id='line_1_4' title="bbox 117 615 1248 703; baseline -0.004 -19"><span class='ocrx_word' id='word_1_21' title='bbox 117 622 241 687; x_wconf 85' lang='lat' dir='ltr'><strong>bertate</strong></span> <span class='ocrx_word' id='word_1_22' title='bbox 257 620 431 700; x_wconf 83' lang='lat' dir='ltr'>pollicitus,</span> <span class='ocrx_word' id='word_1_23' title='bbox 451 626 578 702; x_wconf 90' lang='lat' dir='ltr'><strong>paetum</strong></span> <span class='ocrx_word' id='word_1_24' title='bbox 595 621 634 685; x_wconf 92' lang='lat' dir='ltr'><strong>iis</strong></span> <span class='ocrx_word' id='word_1_25' title='bbox 651 621 817 703; x_wconf 90' lang='lat' dir='ltr'><strong>pecuniam</strong></span> <span class='ocrx_word' id='word_1_26' title='bbox 834 621 943 692; x_wconf 88' lang='lat' dir='ltr'><strong>solvit,</strong></span> <span class='ocrx_word' id='word_1_27' title='bbox 961 615 1075 682; x_wconf 88' lang='lat' dir='ltr'><strong>deinde</strong></span> <span class='ocrx_word' id='word_1_28' title='bbox 1086 635 1144 680; x_wconf 87' lang='lat' dir='ltr'><strong>eos</strong></span> <span class='ocrx_word' id='word_1_29' title='bbox 1159 617 1248 680; x_wconf 91' lang='lat' dir='ltr'><strong>cruci</strong></span> 
     </span>
     <span class='ocr_line' id='line_1_5' title="bbox 117 706 1247 793; baseline -0.004 -20"><span class='ocrx_word' id='word_1_30' title='bbox 117 709 350 776; x_wconf 85' lang='lat' dir='ltr'><strong>sullixit.Suam</strong></span> <span class='ocrx_word' id='word_1_31' title='bbox 363 710 509 776; x_wconf 91' lang='lat' dir='ltr'><strong>videlieet</strong></span> <span class='ocrx_word' id='word_1_32' title='bbox 519 710 763 793; x_wconf 84' lang='lat' dir='ltr'><strong>promissionem</strong></span> <span class='ocrx_word' id='word_1_33' title='bbox 779 727 797 774; x_wconf 89' lang='grc'><strong>1</strong></span> <span class='ocrx_word' id='word_1_34' title='bbox 810 709 840 774; x_wconf 83' lang='grc'><strong>11</strong></span> <span class='ocrx_word' id='word_1_35' title='bbox 853 709 941 774; x_wconf 91' lang='lat' dir='ltr'><strong>illata</strong></span> <span class='ocrx_word' id='word_1_36' title='bbox 954 709 1147 781; x_wconf 85' lang='lat' dir='ltr'><strong>discernens,</strong></span> <span class='ocrx_word' id='word_1_37' title='bbox 1159 706 1247 774; x_wconf 88' lang='lat' dir='ltr'><strong>illam</strong></span> 
     </span>
     <span class='ocr_line' id='line_1_6' title="bbox 118 796 1249 882; baseline -0.005 -19"><span class='ocrx_word' id='word_1_38' title='bbox 118 805 263 864; x_wconf 83' lang='lat' dir='ltr'><strong>sanciam</strong></span> <span class='ocrx_word' id='word_1_39' title='bbox 276 816 342 865; x_wconf 87' lang='lat' dir='ltr'><strong>esse</strong></span> <span class='ocrx_word' id='word_1_40' title='bbox 356 799 464 876; x_wconf 93' lang='lat' dir='ltr'><strong>voluit,</strong></span> <span class='ocrx_word' id='word_1_41' title='bbox 481 798 572 880; x_wconf 73' lang='lat' dir='ltr'><strong>huius</strong></span> <span class='ocrx_word' id='word_1_42' title='bbox 584 800 714 864; x_wconf 86' lang='lat' dir='ltr'><strong>meritas</strong></span> <span class='ocrx_word' id='word_1_43' title='bbox 729 815 843 882; x_wconf 86' lang='lat' dir='ltr'><strong>poenas</strong></span> <span class='ocrx_word' id='word_1_44' title='bbox 855 798 974 880; x_wconf 81' lang='lat' dir='ltr'><strong>exegit.</strong></span> <span class='ocrx_word' id='word_1_45' title='bbox 988 799 1087 878; x_wconf 87' lang='lat' dir='ltr'><strong>Ergo,</strong></span> <span class='ocrx_word' id='word_1_46' title='bbox 1101 813 1174 860; x_wconf 90' lang='lat' dir='ltr'><strong>cum</strong></span> <span class='ocrx_word' id='word_1_47' title='bbox 1186 796 1249 858; x_wconf 92' lang='lat' dir='ltr'><strong>mi-</strong></span> 
     </span>
     <span class='ocr_line' id='line_1_7' title="bbox 119 887 1249 970; baseline -0.006 -18"><span class='ocrx_word' id='word_1_48' title='bbox 119 906 180 952; x_wconf 90' lang='lat' dir='ltr'><strong>nae</strong></span> <span class='ocrx_word' id='word_1_49' title='bbox 196 905 232 953; x_wconf 88' lang='lat' dir='ltr'><strong>ac</strong></span> <span class='ocrx_word' id='word_1_50' title='bbox 249 892 350 951; x_wconf 90' lang='lat' dir='ltr'><strong>metus</strong></span> <span class='ocrx_word' id='word_1_51' title='bbox 367 889 580 953; x_wconf 89' lang='lat' dir='ltr'><strong>voluntarium</strong></span> <span class='ocrx_word' id='word_1_52' title='bbox 591 906 659 953; x_wconf 93' lang='lat' dir='ltr'><strong>non</strong></span> <span class='ocrx_word' id='word_1_53' title='bbox 672 888 843 970; x_wconf 87' lang='lat' dir='ltr'><strong>perimant,</strong></span> <span class='ocrx_word' id='word_1_54' title='bbox 859 891 892 952; x_wconf 89' lang='lat' dir='ltr'><strong>ct</strong></span> <span class='ocrx_word' id='word_1_55' title='bbox 902 891 1010 952; x_wconf 87' lang='lat' dir='ltr'><strong>coacta</strong></span> <span class='ocrx_word' id='word_1_56' title='bbox 1024 887 1180 958; x_wconf 82' lang='lat' dir='ltr'><strong>voluntas,</strong></span> <span class='ocrx_word' id='word_1_57' title='bbox 1195 901 1249 946; x_wconf 91' lang='lat' dir='ltr'><strong>vo-</strong></span> 
     </span>
     <span class='ocr_line' id='line_1_8' title="bbox 120 974 1249 1057; baseline -0.004 -16"><span class='ocrx_word' id='word_1_58' title='bbox 120 979 227 1042; x_wconf 87' lang='lat' dir='ltr'><strong>luntas</strong></span> <span class='ocrx_word' id='word_1_59' title='bbox 243 976 343 1040; x_wconf 88' lang='lat' dir='ltr'><strong>adhuc</strong></span> <span class='ocrx_word' id='word_1_60' title='bbox 358 976 413 1050; x_wconf 91' lang='lat' dir='ltr'><strong>sit,</strong></span> <span class='ocrx_word' id='word_1_61' title='bbox 421 994 462 1040; x_wconf 87' lang='lat' dir='ltr'><strong>ex</strong></span> <span class='ocrx_word' id='word_1_62' title='bbox 477 978 547 1042; x_wconf 87' lang='lat' dir='ltr'><strong>iure</strong></span> <span class='ocrx_word' id='word_1_63' title='bbox 563 978 699 1042; x_wconf 87' lang='lat' dir='ltr'><strong>naturali</strong></span> <span class='ocrx_word' id='word_1_64' title='bbox 715 977 861 1040; x_wconf 89' lang='lat' dir='ltr'><strong>solvenda</strong></span> <span class='ocrx_word' id='word_1_65' title='bbox 878 981 951 1041; x_wconf 91' lang='lat' dir='ltr'><strong>sunt</strong></span> <span class='ocrx_word' id='word_1_66' title='bbox 965 975 1132 1057; x_wconf 88' lang='lat' dir='ltr'><strong>promissa,</strong></span> <span class='ocrx_word' id='word_1_67' title='bbox 1142 990 1179 1038; x_wconf 92' lang='lat' dir='ltr'><strong>ac</strong></span> <span class='ocrx_word' id='word_1_68' title='bbox 1192 974 1249 1037; x_wconf 92' lang='lat' dir='ltr'><strong>de-</strong></span> 
     </span>
     <span class='ocr_line' id='line_1_9' title="bbox 121 1062 1248 1149; baseline -0.004 -18"><span class='ocrx_word' id='word_1_69' title='bbox 121 1084 212 1131; x_wconf 94' lang='lat' dir='ltr'><strong>mum</strong></span> <span class='ocrx_word' id='word_1_70' title='bbox 227 1066 265 1128; x_wconf 92' lang='lat' dir='ltr'><strong>de</strong></span> <span class='ocrx_word' id='word_1_71' title='bbox 276 1064 395 1129; x_wconf 91' lang='lat' dir='ltr'><strong>iniuria</strong></span> <span class='ocrx_word' id='word_1_72' title='bbox 407 1067 576 1146; x_wconf 90' lang='lat' dir='ltr'><strong>agendum.</strong></span> <span class='ocrx_word' id='word_1_73' title='bbox 587 1065 680 1145; x_wconf 86' lang='lat' dir='ltr'><strong>Quod</strong></span> <span class='ocrx_word' id='word_1_74' title='bbox 693 1067 757 1129; x_wconf 90' lang='lat' dir='ltr'><strong>iuri</strong></span> <span class='ocrx_word' id='word_1_75' title='bbox 774 1083 897 1149; x_wconf 92' lang='lat' dir='ltr'><strong>quoque</strong></span> <span class='ocrx_word' id='word_1_76' title='bbox 910 1064 998 1131; x_wconf 91' lang='lat' dir='ltr'><strong>civili</strong></span> <span class='ocrx_word' id='word_1_77' title='bbox 1010 1081 1185 1145; x_wconf 89' lang='lat' dir='ltr'><strong>congruum</strong></span> <span class='ocrx_word' id='word_1_78' title='bbox 1201 1062 1248 1126; x_wconf 88' lang='lat' dir='ltr'><strong>ai·</strong></span> 
     </span>
     <span class='ocr_line' id='line_1_10' title="bbox 121 1151 1246 1238; baseline -0.004 -19"><span class='ocrx_word' id='word_1_79' title='bbox 121 1157 267 1228; x_wconf 86' lang='lat' dir='ltr'><strong>firmant,</strong></span> <span class='ocrx_word' id='word_1_80' title='bbox 286 1172 358 1217; x_wconf 91' lang='lat' dir='ltr'><strong>cum</strong></span> <span class='ocrx_word' id='word_1_81' title='bbox 369 1155 503 1219; x_wconf 87' lang='lat' dir='ltr'><strong>Praetor</strong></span> <span class='ocrx_word' id='word_1_82' title='bbox 519 1155 746 1238; x_wconf 87' lang='lat' dir='ltr'><strong>promissiones</strong></span> <span class='ocrx_word' id='word_1_83' title='bbox 759 1155 829 1218; x_wconf 88' lang='lat' dir='ltr'><strong>illas</strong></span> <span class='ocrx_word' id='word_1_84' title='bbox 848 1173 911 1218; x_wconf 90' lang='lat' dir='ltr'><strong>non</strong></span> <span class='ocrx_word' id='word_1_85' title='bbox 927 1159 1001 1220; x_wconf 88' lang='lat' dir='ltr'><strong>ectu</strong></span> <span class='ocrx_word' id='word_1_86' title='bbox 1017 1151 1246 1227; x_wconf 66' lang='lat' dir='ltr'><strong>infirmae-sed</strong></span> 
     </span>
     <span class='ocr_line' id='line_1_11' title="bbox 122 1242 1248 1324; baseline -0.004 -16"><span class='ocrx_word' id='word_1_87' title='bbox 122 1244 332 1308; x_wconf 86' lang='lat' dir='ltr'><strong>infirmandas</strong></span> <span class='ocrx_word' id='word_1_88' title='bbox 356 1243 510 1308; x_wconf 84' lang='lat' dir='ltr'><strong>edixerit:</strong></span> <span class='ocrx_word' id='word_1_89' title='bbox 531 1264 548 1302; x_wconf 82' lang='lat' dir='ltr'><strong>u</strong></span> <span class='ocrx_word' id='word_1_90' title='bbox 567 1244 660 1324; x_wconf 83' lang='lat' dir='ltr'><strong>Quod</strong></span> <span class='ocrx_word' id='word_1_91' title='bbox 675 1250 777 1311; x_wconf 89' lang='lat' dir='ltr'><strong>metus</strong></span> <span class='ocrx_word' id='word_1_92' title='bbox 792 1261 884 1312; x_wconf 87' lang='lat' dir='ltr'><strong>causa</strong></span> <span class='ocrx_word' id='word_1_93' title='bbox 904 1247 1028 1324; x_wconf 76' lang='lat' dir='ltr'><strong>ssestrun</strong></span> <span class='ocrx_word' id='word_1_94' title='bbox 1044 1242 1120 1318; x_wconf 88' lang='lat' dir='ltr'><strong>erit,</strong></span> <span class='ocrx_word' id='word_1_95' title='bbox 1142 1245 1248 1306; x_wconf 91' lang='lat' dir='ltr'><strong>ratum</strong></span> 
     </span>
     <span class='ocr_line' id='line_1_12' title="bbox 123 1330 1492 1414; baseline -0.002 -17"><span class='ocrx_word' id='word_1_96' title='bbox 123 1351 189 1397; x_wconf 91' lang='lat' dir='ltr'><strong>non</strong></span> <span class='ocrx_word' id='word_1_97' title='bbox 208 1331 328 1396; x_wconf 90' lang='lat' dir='ltr'><strong>habebo</strong></span> <span class='ocrx_word' id='word_1_98' title='bbox 345 1330 387 1414; x_wconf 76' lang='lat'><strong>1).</strong></span> <span class='ocrx_word' id='word_1_99' title='bbox 408 1353 426 1393; x_wconf 80' lang='grc'><strong>11</strong></span> <span class='ocrx_word' id='word_1_100' title='bbox 1291 1335 1315 1406; x_wconf 82' lang='grc'><strong>11</strong></span> <span class='ocrx_word' id='word_1_101' title='bbox 1329 1337 1359 1392; x_wconf 83' lang='lat' dir='ltr'><strong>L.</strong></span> <span class='ocrx_word' id='word_1_102' title='bbox 1375 1341 1397 1414; x_wconf 87' lang='lat' dir='ltr'><strong>l,</strong></span> <span class='ocrx_word' id='word_1_103' title='bbox 1409 1338 1435 1412; x_wconf 89' lang='lat' dir='ltr'><strong>ll,</strong></span> <span class='ocrx_word' id='word_1_104' title='bbox 1447 1337 1492 1397; x_wconf 78' lang='lat' dir='ltr'><strong>tib.</strong></span> 
     </span>
     <span class='ocr_line' id='line_1_13' title="bbox 196 1413 1378 1504; baseline 0.001 -19"><span class='ocrx_word' id='word_1_105' title='bbox 196 1420 458 1502; x_wconf 76' lang='lat' dir='ltr'><strong>xviruueganl</strong></span> <span class='ocrx_word' id='word_1_106' title='bbox 470 1420 1248 1504; x_wconf 88' lang='lat' dir='ltr'><strong>veroplrilosopborumetiurisperitorumquam-</strong></span> <span class='ocrx_word' id='word_1_107' title='bbox 1269 1413 1296 1486; x_wconf 67' lang='lat'><strong>⁴,</strong></span> <span class='ocrx_word' id='word_1_108' title='bbox 1313 1419 1333 1467; x_wconf 79' lang='lat'><strong>¹·</strong></span> <span class='ocrx_word' id='word_1_109' title='bbox 1352 1417 1378 1469; x_wconf 81' lang='lat'><strong>²·</strong></span> 
     </span>
     <span class='ocr_line' id='line_1_14' title="bbox 125 1506 1248 1594; baseline 0.002 -22"><span class='ocrx_word' id='word_1_110' title='bbox 125 1508 260 1592; x_wconf 90' lang='lat' dir='ltr'><strong>plurimi</strong></span> <span class='ocrx_word' id='word_1_111' title='bbox 272 1506 325 1594; x_wconf 84' lang='lat' dir='ltr'><strong>(a),</strong></span> <span class='ocrx_word' id='word_1_112' title='bbox 341 1508 427 1573; x_wconf 90' lang='lat' dir='ltr'><strong>bisce</strong></span> <span class='ocrx_word' id='word_1_113' title='bbox 439 1510 616 1575; x_wconf 92' lang='lat' dir='ltr'><strong>rationibus</strong></span> <span class='ocrx_word' id='word_1_114' title='bbox 628 1512 727 1576; x_wconf 88' lang='lat' dir='ltr'><strong>ducti:</strong></span> <span class='ocrx_word' id='word_1_115' title='bbox 742 1510 772 1575; x_wconf 93' lang='lat'><strong>1.</strong></span> <span class='ocrx_word' id='word_1_116' title='bbox 788 1510 837 1576; x_wconf 83' lang='lat' dir='ltr'><strong>nd</strong></span> <span class='ocrx_word' id='word_1_117' title='bbox 850 1515 1031 1576; x_wconf 91' lang='lat' dir='ltr'><strong>contractus</strong></span> <span class='ocrx_word' id='word_1_118' title='bbox 1038 1510 1248 1575; x_wconf 88' lang='lat' dir='ltr'><strong>substantiam</strong></span> 
     </span>
     <span class='ocr_line' id='line_1_15' title="bbox 126 1597 1321 1684; baseline -0.001 -21"><span class='ocrx_word' id='word_1_119' title='bbox 126 1597 304 1680; x_wconf 90' lang='lat' dir='ltr'><strong>requiritur</strong></span> <span class='ocrx_word' id='word_1_120' title='bbox 314 1597 529 1664; x_wconf 88' lang='lat' dir='ltr'><strong>voluntarium</strong></span> <span class='ocrx_word' id='word_1_121' title='bbox 541 1600 676 1664; x_wconf 93' lang='lat' dir='ltr'><strong>liberum</strong></span> <span class='ocrx_word' id='word_1_122' title='bbox 689 1600 906 1684; x_wconf 90' lang='lat' dir='ltr'><strong>undequaque,</strong></span> <span class='ocrx_word' id='word_1_123' title='bbox 917 1618 980 1684; x_wconf 94' lang='lat' dir='ltr'><strong>quo</strong></span> <span class='ocrx_word' id='word_1_124' title='bbox 990 1598 1169 1674; x_wconf 81' lang='lat' dir='ltr'><strong>deliciante,</strong></span> <span class='ocrx_word' id='word_1_125' title='bbox 1186 1617 1246 1663; x_wconf 91' lang='lat' dir='ltr'><strong>non</strong></span> <span class='ocrx_word' id='word_1_126' title='bbox 1291 1621 1298 1629; x_wconf 44' lang='lat'>⁸</span> <span class='ocrx_word' id='word_1_127' title='bbox 1318 1655 1321 1662; x_wconf 31' lang='lat' dir='ltr'><strong>r</strong></span> 
     </span>
     <span class='ocr_line' id='line_1_16' title="bbox 126 1687 1248 1773; baseline -0.002 -20"><span class='ocrx_word' id='word_1_128' title='bbox 126 1687 366 1753; x_wconf 82' lang='lat' dir='ltr'><strong>transferuntur</strong></span> <span class='ocrx_word' id='word_1_129' title='bbox 385 1688 537 1752; x_wconf 93' lang='lat' dir='ltr'><strong>dominia.</strong></span> <span class='ocrx_word' id='word_1_130' title='bbox 557 1690 590 1753; x_wconf 82' lang='lat'><strong>2.</strong></span> <span class='ocrx_word' id='word_1_131' title='bbox 609 1690 758 1754; x_wconf 88' lang='lat' dir='ltr'><strong>Debitum</strong></span> <span class='ocrx_word' id='word_1_132' title='bbox 773 1689 915 1754; x_wconf 91' lang='lat' dir='ltr'><strong>solvendi</strong></span> <span class='ocrx_word' id='word_1_133' title='bbox 937 1688 1086 1773; x_wconf 89' lang='lat' dir='ltr'><strong>supponit</strong></span> <span class='ocrx_word' id='word_1_134' title='bbox 1100 1689 1148 1752; x_wconf 91' lang='lat' dir='ltr'><strong>ius</strong></span> <span class='ocrx_word' id='word_1_135' title='bbox 1164 1688 1248 1753; x_wconf 88' lang='lat' dir='ltr'><strong>acci-</strong></span> 
     </span>
     <span class='ocr_line' id='line_1_17' title="bbox 128 1775 1247 1864; baseline 0.001 -25"><span class='ocrx_word' id='word_1_136' title='bbox 128 1775 260 1857; x_wconf 89' lang='lat' dir='ltr'><strong>piendi:</strong></span> <span class='ocrx_word' id='word_1_137' title='bbox 280 1776 367 1856; x_wconf 90' lang='lat' dir='ltr'><strong>atqui</strong></span> <span class='ocrx_word' id='word_1_138' title='bbox 384 1777 505 1864; x_wconf 85' lang='lat' dir='ltr'><strong>nullum</strong></span> <span class='ocrx_word' id='word_1_139' title='bbox 522 1779 570 1841; x_wconf 89' lang='lat' dir='ltr'><strong>ius</strong></span> <span class='ocrx_word' id='word_1_140' title='bbox 593 1777 627 1842; x_wconf 94' lang='lat' dir='ltr'><strong>in</strong></span> <span class='ocrx_word' id='word_1_141' title='bbox 653 1779 771 1842; x_wconf 89' lang='lat' dir='ltr'><strong>iniusto</strong></span> <span class='ocrx_word' id='word_1_142' title='bbox 787 1789 980 1860; x_wconf 85' lang='lat' dir='ltr'><strong>aggressore,</strong></span> <span class='ocrx_word' id='word_1_143' title='bbox 1008 1795 1105 1860; x_wconf 94' lang='lat' dir='ltr'><strong>quum</strong></span> <span class='ocrx_word' id='word_1_144' title='bbox 1121 1778 1169 1841; x_wconf 92' lang='lat' dir='ltr'><strong>ius</strong></span> <span class='ocrx_word' id='word_1_145' title='bbox 1185 1796 1247 1842; x_wconf 94' lang='lat' dir='ltr'><strong>non</strong></span> 
     </span>
     <span class='ocr_line' id='line_1_18' title="bbox 128 1863 1248 1950; baseline 0.002 -22"><span class='ocrx_word' id='word_1_146' title='bbox 128 1866 186 1928; x_wconf 91' lang='lat' dir='ltr'><strong>liat</strong></span> <span class='ocrx_word' id='word_1_147' title='bbox 203 1883 243 1928; x_wconf 87' lang='lat' dir='ltr'><strong>ex</strong></span> <span class='ocrx_word' id='word_1_148' title='bbox 258 1863 390 1929; x_wconf 89' lang='lat' dir='ltr'><strong>iniuria.</strong></span> <span class='ocrx_word' id='word_1_149' title='bbox 408 1863 441 1930; x_wconf 90' lang='lat'><strong>3.</strong></span> <span class='ocrx_word' id='word_1_150' title='bbox 459 1867 631 1933; x_wconf 90' lang='lat' dir='ltr'><strong>Neminem</strong></span> <span class='ocrx_word' id='word_1_151' title='bbox 647 1869 750 1933; x_wconf 90' lang='lat' dir='ltr'><strong>teneri</strong></span> <span class='ocrx_word' id='word_1_152' title='bbox 768 1868 807 1931; x_wconf 94' lang='lat' dir='ltr'><strong>ad</strong></span> <span class='ocrx_word' id='word_1_153' title='bbox 822 1867 965 1950; x_wconf 88' lang='lat' dir='ltr'><strong>iniquam</strong></span> <span class='ocrx_word' id='word_1_154' title='bbox 978 1868 1248 1948; x_wconf 89' lang='lat' dir='ltr'><strong>cooperationem:</strong></span> 
     </span>
     <span class='ocr_line' id='line_1_19' title="bbox 128 1953 1252 2038; baseline 0.001 -21"><span class='ocrx_word' id='word_1_155' title='bbox 128 1955 220 2035; x_wconf 87' lang='lat' dir='ltr'><strong>atqui</strong></span> <span class='ocrx_word' id='word_1_156' title='bbox 238 1953 348 2037; x_wconf 91' lang='lat' dir='ltr'><strong>inique</strong></span> <span class='ocrx_word' id='word_1_157' title='bbox 363 1955 480 2036; x_wconf 90' lang='lat' dir='ltr'><strong>accipit</strong></span> <span class='ocrx_word' id='word_1_158' title='bbox 496 1974 623 2038; x_wconf 88' lang='lat' dir='ltr'><strong>cogens.</strong></span> <span class='ocrx_word' id='word_1_159' title='bbox 638 1953 671 2022; x_wconf 78' lang='grc'><strong>1.</strong></span> <span class='ocrx_word' id='word_1_160' title='bbox 687 1957 873 2022; x_wconf 86' lang='lat' dir='ltr'><strong>Fatentibus</strong></span> <span class='ocrx_word' id='word_1_161' title='bbox 885 1957 1085 2038; x_wconf 87' lang='lat' dir='ltr'><strong>adversariis,</strong></span> <span class='ocrx_word' id='word_1_162' title='bbox 1099 1956 1151 2020; x_wconf 92' lang='lat' dir='ltr'><strong>hic</strong></span> <span class='ocrx_word' id='word_1_163' title='bbox 1163 1962 1252 2020; x_wconf 88' lang='lat' dir='ltr'><strong>tene·</strong></span> 
     </span>
     <span class='ocr_line' id='line_1_20' title="bbox 127 2043 1252 2127; baseline 0 -20"><span class='ocrx_word' id='word_1_164' title='bbox 127 2049 182 2107; x_wconf 90' lang='lat' dir='ltr'><strong>tur</strong></span> <span class='ocrx_word' id='word_1_165' title='bbox 198 2043 329 2108; x_wconf 93' lang='lat' dir='ltr'><strong>omuino</strong></span> <span class='ocrx_word' id='word_1_166' title='bbox 343 2045 550 2127; x_wconf 88' lang='lat' dir='ltr'><strong>spondentem</strong></span> <span class='ocrx_word' id='word_1_167' title='bbox 567 2062 583 2107; x_wconf 94' lang='lat' dir='ltr'><strong>a</strong></span> <span class='ocrx_word' id='word_1_168' title='bbox 601 2046 674 2110; x_wconf 91' lang='lat' dir='ltr'><strong>data</strong></span> <span class='ocrx_word' id='word_1_169' title='bbox 697 2047 759 2110; x_wconf 93' lang='lat' dir='ltr'><strong>lide</strong></span> <span class='ocrx_word' id='word_1_170' title='bbox 777 2046 922 2120; x_wconf 91' lang='lat' dir='ltr'><strong>liberare,</strong></span> <span class='ocrx_word' id='word_1_171' title='bbox 942 2047 989 2110; x_wconf 87' lang='lat' dir='ltr'><strong>vel</strong></span> <span class='ocrx_word' id='word_1_172' title='bbox 1005 2045 1142 2111; x_wconf 89' lang='lat' dir='ltr'><strong>solutum</strong></span> <span class='ocrx_word' id='word_1_173' title='bbox 1158 2044 1252 2108; x_wconf 90' lang='lat' dir='ltr'><strong>resti-</strong></span> 
     </span>
     <span class='ocr_line' id='line_1_21' title="bbox 126 2115 1250 2218; baseline 0 -22"><span class='ocrx_word' id='word_1_174' title='bbox 126 2138 231 2196; x_wconf 89' lang='lat' dir='ltr'><strong>tuere:</strong></span> <span class='ocrx_word' id='word_1_175' title='bbox 250 2149 327 2213; x_wconf 89' lang='lat' dir='ltr'><strong>ergo</strong></span> <span class='ocrx_word' id='word_1_176' title='bbox 345 2134 461 2198; x_wconf 87' lang='lat' dir='ltr'><strong>trustra</strong></span> <span class='ocrx_word' id='word_1_177' title='bbox 478 2134 619 2216; x_wconf 77' lang='lat' dir='ltr'><strong>exigitur</strong></span> <span class='ocrx_word' id='word_1_178' title='bbox 630 2136 711 2218; x_wconf 90' lang='lat' dir='ltr'><strong>quod</strong></span> <span class='ocrx_word' id='word_1_179' title='bbox 728 2135 838 2201; x_wconf 85' lang='lat' dir='ltr'><strong>statim</strong></span> <span class='ocrx_word' id='word_1_180' title='bbox 851 2134 1034 2199; x_wconf 90' lang='lat' dir='ltr'><strong>solvendum</strong></span> <span class='ocrx_word' id='word_1_181' title='bbox 1047 2136 1101 2200; x_wconf 92' lang='lat' dir='ltr'><strong>sit.</strong></span> <span class='ocrx_word' id='word_1_182' title='bbox 1116 2115 1250 2209; x_wconf 84' lang='lat' dir='ltr'><strong>Clarius:</strong></span> 
     </span>
     <span class='ocr_line' id='line_1_22' title="bbox 127 2220 1253 2306; baseline 0.001 -22"><span class='ocrx_word' id='word_1_183' title='bbox 127 2220 209 2284; x_wconf 93' lang='lat' dir='ltr'><strong>nibil</strong></span> <span class='ocrx_word' id='word_1_184' title='bbox 225 2222 481 2287; x_wconf 78' lang='lat' dir='ltr'><strong>solvendumest.</strong></span> <span class='ocrx_word' id='word_1_185' title='bbox 495 2224 581 2288; x_wconf 89' lang='lat' dir='ltr'><strong>Haec</strong></span> <span class='ocrx_word' id='word_1_186' title='bbox 594 2229 641 2286; x_wconf 91' lang='lat' dir='ltr'><strong>est</strong></span> <span class='ocrx_word' id='word_1_187' title='bbox 656 2230 786 2289; x_wconf 89' lang='lat' dir='ltr'><strong>naturae</strong></span> <span class='ocrx_word' id='word_1_188' title='bbox 798 2224 998 2306; x_wconf 86' lang='lat' dir='ltr'><strong>simplicitas:</strong></span> <span class='ocrx_word' id='word_1_189' title='bbox 1013 2228 1132 2298; x_wconf 90' lang='lat' dir='ltr'><strong>cetera,</strong></span> <span class='ocrx_word' id='word_1_190' title='bbox 1147 2221 1253 2286; x_wconf 92' lang='lat' dir='ltr'><strong>homi-</strong></span> 
     </span>
     <span class='ocr_line' id='line_1_23' title="bbox 127 2307 1252 2394; baseline 0.002 -22"><span class='ocrx_word' id='word_1_191' title='bbox 127 2327 206 2374; x_wconf 93' lang='lat' dir='ltr'><strong>num</strong></span> <span class='ocrx_word' id='word_1_192' title='bbox 221 2307 438 2377; x_wconf 83' lang='lat' dir='ltr'><strong>cavillationes</strong></span> <span class='ocrx_word' id='word_1_193' title='bbox 453 2315 486 2376; x_wconf 92' lang='lat' dir='ltr'><strong>et</strong></span> <span class='ocrx_word' id='word_1_194' title='bbox 501 2313 789 2392; x_wconf 86' lang='lat' dir='ltr'><strong>commenta.Quod</strong></span> <span class='ocrx_word' id='word_1_195' title='bbox 805 2313 903 2394; x_wconf 77' lang='lat' dir='ltr'><strong>Galus</strong></span> <span class='ocrx_word' id='word_1_196' title='bbox 915 2313 1064 2378; x_wconf 90' lang='lat' dir='ltr'><strong>advertit:</strong></span> <span class='ocrx_word' id='word_1_197' title='bbox 1084 2333 1101 2376; x_wconf 80' lang='lat' dir='ltr'><strong>a</strong></span> <span class='ocrx_word' id='word_1_198' title='bbox 1118 2313 1190 2379; x_wconf 90' lang='lat' dir='ltr'><strong>Nou</strong></span> <span class='ocrx_word' id='word_1_199' title='bbox 1206 2311 1252 2375; x_wconf 94' lang='lat' dir='ltr'><strong>vi-</strong></span> 
     </span>
     <span class='ocr_line' id='line_1_24' title="bbox 128 2397 1499 2487; baseline 0.005 -25"><span class='ocrx_word' id='word_1_200' title='bbox 128 2397 221 2464; x_wconf 89' lang='lat' dir='ltr'><strong>detur</strong></span> <span class='ocrx_word' id='word_1_201' title='bbox 232 2399 395 2482; x_wconf 85' lang='lat' dir='ltr'><strong>quisquam</strong></span> <span class='ocrx_word' id='word_1_202' title='bbox 405 2400 436 2464; x_wconf 91' lang='lat' dir='ltr'><strong>id</strong></span> <span class='ocrx_word' id='word_1_203' title='bbox 445 2401 650 2484; x_wconf 88' lang='lat' dir='ltr'><strong>caperequod</strong></span> <span class='ocrx_word' id='word_1_204' title='bbox 663 2402 692 2466; x_wconf 92' lang='lat' dir='ltr'><strong>ei</strong></span> <span class='ocrx_word' id='word_1_205' title='bbox 706 2421 829 2468; x_wconf 89' lang='lat' dir='ltr'><strong>necesse</strong></span> <span class='ocrx_word' id='word_1_206' title='bbox 841 2407 888 2467; x_wconf 90' lang='lat' dir='ltr'><strong>est</strong></span> <span class='ocrx_word' id='word_1_207' title='bbox 900 2401 993 2468; x_wconf 88' lang='lat' dir='ltr'><strong>alteri</strong></span> <span class='ocrx_word' id='word_1_208' title='bbox 1005 2401 1172 2466; x_wconf 89' lang='lat' dir='ltr'><strong>restituere</strong></span> <span class='ocrx_word' id='word_1_209' title='bbox 1182 2399 1249 2484; x_wconf 79' lang='lat'><strong>2).»</strong></span> <span class='ocrx_word' id='word_1_210' title='bbox 1287 2404 1321 2487; x_wconf 77' lang='grc' dir='ltr'><strong>Ι11</strong></span> <span class='ocrx_word' id='word_1_211' title='bbox 1343 2403 1372 2458; x_wconf 76' lang='lat' dir='ltr'><strong>L·</strong></span> <span class='ocrx_word' id='word_1_212' title='bbox 1398 2406 1448 2474; x_wconf 85' lang='lat'><strong>51,</strong></span> <span class='ocrx_word' id='word_1_213' title='bbox 1471 2406 1499 2478; x_wconf 84' lang='lat' dir='ltr'><strong>ll,</strong></span> 
     </span>
     <span class='ocr_line' id='line_1_25' title="bbox 220 2475 1479 2580; baseline -0.002 -26"><span class='ocrx_word' id='word_1_214' title='bbox 220 2489 314 2554; x_wconf 83' lang='lat' dir='ltr'><strong>XIX.</strong></span> <span class='ocrx_word' id='word_1_215' title='bbox 328 2477 407 2562; x_wconf 65' lang='lat' dir='ltr'><strong>Nos,</strong></span> <span class='ocrx_word' id='word_1_216' title='bbox 421 2493 458 2554; x_wconf 92' lang='lat' dir='ltr'><strong>ut</strong></span> <span class='ocrx_word' id='word_1_217' title='bbox 469 2491 555 2556; x_wconf 90' lang='lat' dir='ltr'><strong>inter</strong></span> <span class='ocrx_word' id='word_1_218' title='bbox 567 2496 715 2572; x_wconf 89' lang='lat' dir='ltr'><strong>utrosque</strong></span> <span class='ocrx_word' id='word_1_219' title='bbox 729 2499 870 2580; x_wconf 85' lang='lat' dir='ltr'><strong>nostram</strong></span> <span class='ocrx_word' id='word_1_220' title='bbox 882 2491 1048 2556; x_wconf 82' lang='lat' dir='ltr'><strong>afferamus</strong></span> <span class='ocrx_word' id='word_1_221' title='bbox 1059 2489 1251 2558; x_wconf 84' lang='lat' dir='ltr'><strong>sententiam</strong></span> <span class='ocrx_word' id='word_1_222' title='bbox 1274 2475 1322 2533; x_wconf 73' lang='lat'>¹¹¹³·</span> <span class='ocrx_word' id='word_1_223' title='bbox 1339 2481 1385 2552; x_wconf 69' lang='lat'><strong>⁵⁰,</strong></span> <span class='ocrx_word' id='word_1_224' title='bbox 1402 2486 1423 2534; x_wconf 78' lang='lat'><strong>¹·</strong></span> <span class='ocrx_word' id='word_1_225' title='bbox 1436 2479 1479 2535; x_wconf 87' lang='lat' dir='ltr'><strong>ll.</strong></span> 
     </span>
     <span class='ocr_line' id='line_1_26' title="bbox 128 2578 1252 2662; baseline 0.002 -21"><span class='ocrx_word' id='word_1_226' title='bbox 128 2578 315 2659; x_wconf 87' lang='lat' dir='ltr'><strong>sponsiones</strong></span> <span class='ocrx_word' id='word_1_227' title='bbox 326 2579 553 2644; x_wconf 90' lang='lat' dir='ltr'><strong>unilaleralesa</strong></span> <span class='ocrx_word' id='word_1_228' title='bbox 566 2581 667 2661; x_wconf 90' lang='lat' dir='ltr'><strong>pactis</strong></span> <span class='ocrx_word' id='word_1_229' title='bbox 680 2580 980 2656; x_wconf 89' lang='lat' dir='ltr'><strong>bilateralibus,tum</strong></span> <span class='ocrx_word' id='word_1_230' title='bbox 988 2580 1148 2662; x_wconf 91' lang='lat' dir='ltr'><strong>simplices</strong></span> <span class='ocrx_word' id='word_1_231' title='bbox 1156 2596 1252 2660; x_wconf 94' lang='lat' dir='ltr'><strong>spon·</strong></span> 
     </span>
     <span class='ocr_line' id='line_1_27' title="bbox 131 2667 615 2734; baseline 0.008 -4"><span class='ocrx_word' id='word_1_232' title='bbox 131 2667 238 2731; x_wconf 87' lang='lat' dir='ltr'><strong>siones</strong></span> <span class='ocrx_word' id='word_1_233' title='bbox 254 2667 397 2732; x_wconf 87' lang='lat' dir='ltr'><strong>eiuratis</strong></span> <span class='ocrx_word' id='word_1_234' title='bbox 409 2670 615 2734; x_wconf 87' lang='lat' dir='ltr'><strong>secernimus.</strong></span> 
     </span>
     <span class='ocr_line' id='line_1_28' title="bbox 230 2755 1253 2842; baseline 0.003 -23"><span class='ocrx_word' id='word_1_235' title='bbox 230 2755 336 2836; x_wconf 86' lang='lat' dir='ltr'><strong>Quum</strong></span> <span class='ocrx_word' id='word_1_236' title='bbox 353 2757 386 2820; x_wconf 95' lang='lat' dir='ltr'><strong>in</strong></span> <span class='ocrx_word' id='word_1_237' title='bbox 403 2758 604 2838; x_wconf 87' lang='lat' dir='ltr'><strong>pactionibus</strong></span> <span class='ocrx_word' id='word_1_238' title='bbox 627 2757 842 2829; x_wconf 89' lang='lat' dir='ltr'><strong>bilateralibus</strong></span> <span class='ocrx_word' id='word_1_239' title='bbox 858 2759 936 2824; x_wconf 92' lang='lat' dir='ltr'><strong>illud</strong></span> <span class='ocrx_word' id='word_1_240' title='bbox 961 2759 1153 2824; x_wconf 90' lang='lat' dir='ltr'><strong>interveniat</strong></span> <span class='ocrx_word' id='word_1_241' title='bbox 1168 2759 1253 2842; x_wconf 93' lang='lat' dir='ltr'><strong>quod</strong></span> 
     </span>
     <span class='ocr_line' id='line_1_29' title="bbox 130 2844 1253 2932; baseline -0.002 -20"><span class='ocrx_word' id='word_1_242' title='bbox 130 2844 247 2912; x_wconf 89' lang='lat' dir='ltr'><strong>Graeci</strong></span> <span class='ocrx_word' id='word_1_243' title='bbox 259 2846 455 2928; x_wconf 66' lang='lat' dir='ltr'><strong>spndleqme</strong></span> <span class='ocrx_word' id='word_1_244' title='bbox 467 2852 592 2921; x_wconf 89' lang='lat' dir='ltr'><strong>vocant,</strong></span> <span class='ocrx_word' id='word_1_245' title='bbox 608 2848 753 2929; x_wconf 92' lang='lat' dir='ltr'><strong>quodque</strong></span> <span class='ocrx_word' id='word_1_246' title='bbox 762 2848 914 2932; x_wconf 89' lang='lat' dir='ltr'><strong>Ulpianus</strong></span> <span class='ocrx_word' id='word_1_247' title='bbox 926 2848 1010 2913; x_wconf 86' lang='lat' dir='ltr'><strong>ultro</strong></span> <span class='ocrx_word' id='word_1_248' title='bbox 1023 2850 1161 2929; x_wconf 84' lang='lat' dir='ltr'><strong>citroque</strong></span> <span class='ocrx_word' id='word_1_249' title='bbox 1177 2847 1253 2912; x_wconf 82' lang='lat' dir='ltr'><strong>obli·</strong></span> 
     </span>
     <span class='ocr_line' id='line_1_30' title="bbox 129 2930 1500 3020; baseline 0.006 -24"><span class='ocrx_word' id='word_1_250' title='bbox 129 2935 288 3016; x_wconf 81' lang='lat' dir='ltr'><strong>polionem</strong></span> <span class='ocrx_word' id='word_1_251' title='bbox 302 2936 531 3018; x_wconf 89' lang='lat' dir='ltr'><strong>interpretatus</strong></span> <span class='ocrx_word' id='word_1_252' title='bbox 548 2941 596 3002; x_wconf 89' lang='lat' dir='ltr'><strong>est</strong></span> <span class='ocrx_word' id='word_1_253' title='bbox 608 2935 650 3017; x_wconf 84' lang='lat'><strong>3);</strong></span> <span class='ocrx_word' id='word_1_254' title='bbox 665 2937 760 3010; x_wconf 90' lang='lat' dir='ltr'><strong>idest,</strong></span> <span class='ocrx_word' id='word_1_255' title='bbox 775 2940 956 3004; x_wconf 86' lang='lat' dir='ltr'><strong>contractus</strong></span> <span class='ocrx_word' id='word_1_256' title='bbox 969 2937 1103 3002; x_wconf 90' lang='lat' dir='ltr'><strong>materia</strong></span> <span class='ocrx_word' id='word_1_257' title='bbox 1119 2942 1254 3018; x_wconf 90' lang='lat' dir='ltr'><strong>ponatur</strong></span> <span class='ocrx_word' id='word_1_258' title='bbox 1285 2930 1320 3020; x_wconf 48' lang='grc'><strong>,31</strong></span> <span class='ocrx_word' id='word_1_259' title='bbox 1344 2933 1374 2988; x_wconf 67' lang='lat'><strong>¹2·</strong></span> <span class='ocrx_word' id='word_1_260' title='bbox 1407 2934 1447 3003; x_wconf 64' lang='grc'><strong>191</strong></span> <span class='ocrx_word' id='word_1_261' title='bbox 1470 2932 1500 3005; x_wconf 73' lang='lat' dir='ltr'><strong>ff,</strong></span> 
     </span>
     <span class='ocr_line' id='line_1_31' title="bbox 132 3008 1479 3109; baseline 0.002 -23"><span class='ocrx_word' id='word_1_262' title='bbox 132 3040 172 3087; x_wconf 85' lang='lat' dir='ltr'><strong>ex</strong></span> <span class='ocrx_word' id='word_1_263' title='bbox 181 3027 316 3108; x_wconf 88' lang='lat' dir='ltr'><strong>utraque</strong></span> <span class='ocrx_word' id='word_1_264' title='bbox 329 3030 432 3106; x_wconf 87' lang='lat' dir='ltr'><strong>parte,</strong></span> <span class='ocrx_word' id='word_1_265' title='bbox 443 3030 478 3089; x_wconf 90' lang='lat' dir='ltr'><strong>ut</strong></span> <span class='ocrx_word' id='word_1_266' title='bbox 489 3025 523 3088; x_wconf 93' lang='lat' dir='ltr'><strong>iu</strong></span> <span class='ocrx_word' id='word_1_267' title='bbox 537 3026 771 3090; x_wconf 88' lang='lat' dir='ltr'><strong>venditionibus</strong></span> <span class='ocrx_word' id='word_1_268' title='bbox 784 3032 817 3091; x_wconf 94' lang='lat' dir='ltr'><strong>et</strong></span> <span class='ocrx_word' id='word_1_269' title='bbox 828 3026 1128 3109; x_wconf 88' lang='lat' dir='ltr'><strong>permutationibus;</strong></span> <span class='ocrx_word' id='word_1_270' title='bbox 1141 3045 1254 3109; x_wconf 91' lang='lat' dir='ltr'><strong>quum·</strong></span> <span class='ocrx_word' id='word_1_271' title='bbox 1273 3008 1320 3065; x_wconf 76' lang='lat'><strong>¹¹¹¹·</strong></span> <span class='ocrx_word' id='word_1_272' title='bbox 1339 3013 1385 3080; x_wconf 67' lang='lat'><strong>⁵⁰2</strong></span> <span class='ocrx_word' id='word_1_273' title='bbox 1402 3014 1423 3065; x_wconf 59' lang='lat'><strong>1·</strong></span> <span class='ocrx_word' id='word_1_274' title='bbox 1436 3011 1479 3064; x_wconf 85' lang='lat'><strong>¹³·</strong></span> 
     </span>
     <span class='ocr_line' id='line_1_32' title="bbox 132 3113 1253 3200; baseline 0.001 -23"><span class='ocrx_word' id='word_1_275' title='bbox 132 3130 194 3194; x_wconf 91' lang='lat' dir='ltr'><strong>que</strong></span> <span class='ocrx_word' id='word_1_276' title='bbox 209 3113 316 3196; x_wconf 86' lang='lat' dir='ltr'><strong>pactio</strong></span> <span class='ocrx_word' id='word_1_277' title='bbox 332 3113 470 3179; x_wconf 88' lang='lat' dir='ltr'><strong>violenta</strong></span> <span class='ocrx_word' id='word_1_278' title='bbox 488 3115 527 3178; x_wconf 94' lang='lat' dir='ltr'><strong>ab</strong></span> <span class='ocrx_word' id='word_1_279' title='bbox 542 3113 652 3191; x_wconf 91' lang='lat' dir='ltr'><strong>initio,</strong></span> <span class='ocrx_word' id='word_1_280' title='bbox 668 3120 779 3197; x_wconf 90' lang='lat' dir='ltr'><strong>postea</strong></span> <span class='ocrx_word' id='word_1_281' title='bbox 792 3116 855 3180; x_wconf 91' lang='lat' dir='ltr'><strong>vim</strong></span> <span class='ocrx_word' id='word_1_282' title='bbox 871 3134 960 3200; x_wconf 89' lang='lat' dir='ltr'><strong>passo</strong></span> <span class='ocrx_word' id='word_1_283' title='bbox 977 3115 1167 3181; x_wconf 89' lang='lat' dir='ltr'><strong>conveniens</strong></span> <span class='ocrx_word' id='word_1_284' title='bbox 1182 3133 1253 3197; x_wconf 91' lang='lat' dir='ltr'><strong>pos·</strong></span> 
     </span>
    </p>
   </div>
   <div class='ocr_carea' id='block_1_3' title="bbox 130 3273 1252 4640">
    <p class='ocr_par' dir='ltr' id='par_1_3' title="bbox 130 3273 1252 4640">
     <span class='ocr_line' id='line_1_33' title="bbox 214 3273 1250 3353; baseline 0.003 -21"><span class='ocrx_word' id='word_1_285' title='bbox 214 3273 254 3348; x_wconf 79' lang='lat' dir='ltr'><strong>lo)</strong></span> <span class='ocrx_word' id='word_1_286' title='bbox 270 3275 347 3334; x_wconf 86' lang='lat' dir='ltr'><strong>lnter</strong></span> <span class='ocrx_word' id='word_1_287' title='bbox 360 3277 536 3348; x_wconf 85' lang='lat' dir='ltr'><strong>philosophos</strong></span> <span class='ocrx_word' id='word_1_288' title='bbox 551 3284 660 3350; x_wconf 88' lang='lat' dir='ltr'><strong>negant:</strong></span> <span class='ocrx_word' id='word_1_289' title='bbox 677 3276 1106 3353; x_wconf 60' lang='grc' dir='ltr'>1111111111119.,111;Τι1111111,</span> <span class='ocrx_word' id='word_1_290' title='bbox 1120 3275 1157 3334; x_wconf 88' lang='lat' dir='ltr'><strong>de</strong></span> <span class='ocrx_word' id='word_1_291' title='bbox 1174 3277 1250 3352; x_wconf 66' lang='lat' dir='ltr'><strong>Off,</strong></span> 
     </span>
     <span class='ocr_line' id='line_1_34' title="bbox 135 3353 1249 3429; baseline -0.001 -20"><span class='ocrx_word' id='word_1_292' title='bbox 135 3355 160 3426; x_wconf 95' lang='lat' dir='ltr'><strong>l,</strong></span> <span class='ocrx_word' id='word_1_293' title='bbox 180 3353 225 3422; x_wconf 76' lang='grc'><strong>16,</strong></span> <span class='ocrx_word' id='word_1_294' title='bbox 240 3353 374 3409; x_wconf 83' lang='lat' dir='ltr'><strong>hulonius</strong></span> <span class='ocrx_word' id='word_1_295' title='bbox 393 3355 557 3427; x_wconf 78' lang='lat' dir='ltr'><strong>chueusis,</strong></span> <span class='ocrx_word' id='word_1_296' title='bbox 572 3355 608 3410; x_wconf 87' lang='lat' dir='ltr'><strong>de</strong></span> <span class='ocrx_word' id='word_1_297' title='bbox 622 3359 693 3412; x_wconf 73' lang='lat' dir='ltr'><strong>,lere</strong></span> <span class='ocrx_word' id='word_1_298' title='bbox 707 3361 734 3411; x_wconf 89' lang='lat' dir='ltr'><strong>et</strong></span> <span class='ocrx_word' id='word_1_299' title='bbox 752 3355 829 3429; x_wconf 60' lang='lat' dir='ltr'><strong>Off„</strong></span> <span class='ocrx_word' id='word_1_300' title='bbox 845 3360 871 3426; x_wconf 95' lang='grc' dir='ltr'><strong>Ι,</strong></span> <span class='ocrx_word' id='word_1_301' title='bbox 892 3357 934 3411; x_wconf 86' lang='grc'><strong>16.</strong></span> <span class='ocrx_word' id='word_1_302' title='bbox 952 3356 1027 3411; x_wconf 88' lang='lat' dir='ltr'><strong>luter</strong></span> <span class='ocrx_word' id='word_1_303' title='bbox 1040 3355 1249 3410; x_wconf 86' lang='lat' dir='ltr'><strong>iureconsultus:</strong></span> 
     </span>
     <span class='ocr_line' id='line_1_35' title="bbox 134 3427 1250 3504; baseline -0.001 -18"><span class='ocrx_word' id='word_1_304' title='bbox 134 3427 259 3498; x_wconf 81' lang='lat' dir='ltr'><strong>Pothier,</strong></span> <span class='ocrx_word' id='word_1_305' title='bbox 279 3429 381 3486; x_wconf 72' lang='grc'>1111111</span> <span class='ocrx_word' id='word_1_306' title='bbox 399 3429 449 3488; x_wconf 82' lang='lat' dir='ltr'><strong>des</strong></span> <span class='ocrx_word' id='word_1_307' title='bbox 471 3429 656 3504; x_wconf 75' lang='lat' dir='ltr'><strong>obligations,</strong></span> <span class='ocrx_word' id='word_1_308' title='bbox 674 3447 734 3501; x_wconf 88' lang='lat' dir='ltr'><strong>par.</strong></span> <span class='ocrx_word' id='word_1_309' title='bbox 751 3430 772 3498; x_wconf 92' lang='lat' dir='ltr'><strong>l,</strong></span> <span class='ocrx_word' id='word_1_310' title='bbox 792 3431 836 3486; x_wconf 88' lang='lat' dir='ltr'><strong>cb.</strong></span> <span class='ocrx_word' id='word_1_311' title='bbox 854 3434 879 3500; x_wconf 91' lang='lat' dir='ltr'><strong>l,</strong></span> <span class='ocrx_word' id='word_1_312' title='bbox 895 3437 967 3486; x_wconf 90' lang='lat' dir='ltr'><strong>sect.</strong></span> <span class='ocrx_word' id='word_1_313' title='bbox 987 3434 1014 3499; x_wconf 90' lang='lat' dir='ltr'><strong>l,</strong></span> <span class='ocrx_word' id='word_1_314' title='bbox 1031 3435 1084 3485; x_wconf 85' lang='lat' dir='ltr'><strong>art.</strong></span> <span class='ocrx_word' id='word_1_315' title='bbox 1102 3434 1129 3500; x_wconf 83' lang='lat'><strong>33</strong></span> <span class='ocrx_word' id='word_1_316' title='bbox 1145 3431 1250 3502; x_wconf 82' lang='grc'>11111111,</span> 
     </span>
     <span class='ocr_line' id='line_1_36' title="bbox 132 3502 1249 3580; baseline -0.002 -19"><span class='ocrx_word' id='word_1_317' title='bbox 132 3507 205 3561; x_wconf 85' lang='lat' dir='ltr'><strong>Lots</strong></span> <span class='ocrx_word' id='word_1_318' title='bbox 215 3502 323 3568; x_wconf 84' lang='lat' dir='ltr'><strong>ctettes,</strong></span> <span class='ocrx_word' id='word_1_319' title='bbox 339 3504 385 3560; x_wconf 84' lang='lat' dir='ltr'><strong>lib.</strong></span> <span class='ocrx_word' id='word_1_320' title='bbox 403 3507 424 3574; x_wconf 93' lang='lat' dir='ltr'><strong>l,</strong></span> <span class='ocrx_word' id='word_1_321' title='bbox 439 3505 484 3562; x_wconf 89' lang='lat' dir='ltr'><strong>tit.</strong></span> <span class='ocrx_word' id='word_1_322' title='bbox 502 3508 545 3577; x_wconf 87' lang='grc'><strong>18,</strong></span> <span class='ocrx_word' id='word_1_323' title='bbox 559 3513 627 3562; x_wconf 89' lang='lat' dir='ltr'><strong>sect.</strong></span> <span class='ocrx_word' id='word_1_324' title='bbox 639 3511 667 3570; x_wconf 80' lang='lat'><strong>2:</strong></span> <span class='ocrx_word' id='word_1_325' title='bbox 682 3507 851 3577; x_wconf 75' lang='lat' dir='ltr'><strong>thomasius,</strong></span> <span class='ocrx_word' id='word_1_326' title='bbox 869 3505 1037 3580; x_wconf 84' lang='lat' dir='ltr'><strong>Iertsprud.</strong></span> <span class='ocrx_word' id='word_1_327' title='bbox 1052 3505 1160 3577; x_wconf 64' lang='lat' dir='ltr'><strong>diotre,</strong></span> <span class='ocrx_word' id='word_1_328' title='bbox 1174 3506 1208 3578; x_wconf 90' lang='lat' dir='ltr'><strong>ll,</strong></span> <span class='ocrx_word' id='word_1_329' title='bbox 1224 3505 1249 3559; x_wconf 86' lang='lat' dir='ltr'><strong>l.</strong></span> 
     </span>
     <span class='ocr_line' id='line_1_37' title="bbox 130 3579 1250 3653; baseline 0.002 -20"><span class='ocrx_word' id='word_1_330' title='bbox 130 3585 158 3644; x_wconf 73' lang='lat' dir='ltr'><strong>s.</strong></span> <span class='ocrx_word' id='word_1_331' title='bbox 177 3582 225 3651; x_wconf 78' lang='lat'><strong>533</strong></span> <span class='ocrx_word' id='word_1_332' title='bbox 241 3579 438 3648; x_wconf 70' lang='lat' dir='ltr'><strong>tetenderim,</strong></span> <span class='ocrx_word' id='word_1_333' title='bbox 453 3580 488 3637; x_wconf 90' lang='lat' dir='ltr'><strong>de</strong></span> <span class='ocrx_word' id='word_1_334' title='bbox 502 3585 569 3637; x_wconf 84' lang='lat' dir='ltr'><strong>ture</strong></span> <span class='ocrx_word' id='word_1_335' title='bbox 580 3586 721 3639; x_wconf 83' lang='lat' dir='ltr'><strong>Naturae</strong></span> <span class='ocrx_word' id='word_1_336' title='bbox 734 3588 761 3639; x_wconf 89' lang='lat' dir='ltr'><strong>et</strong></span> <span class='ocrx_word' id='word_1_337' title='bbox 778 3585 876 3653; x_wconf 76' lang='lat' dir='ltr'><strong>Gent,</strong></span> <span class='ocrx_word' id='word_1_338' title='bbox 893 3583 940 3648; x_wconf 90' lang='lat' dir='ltr'><strong>lll,</strong></span> <span class='ocrx_word' id='word_1_339' title='bbox 958 3585 985 3653; x_wconf 75' lang='lat'><strong>63</strong></span> <span class='ocrx_word' id='word_1_340' title='bbox 1001 3582 1153 3649; x_wconf 87' lang='lat' dir='ltr'><strong>Helneeius,</strong></span> <span class='ocrx_word' id='word_1_341' title='bbox 1171 3584 1195 3638; x_wconf 83' lang='grc' dir='ltr'><strong>Ι.</strong></span> <span class='ocrx_word' id='word_1_342' title='bbox 1212 3583 1250 3638; x_wconf 88' lang='grc' dir='ltr'><strong>Ν.</strong></span> 
     </span>
     <span class='ocr_line' id='line_1_38' title="bbox 131 3656 1252 3730; baseline 0.002 -20"><span class='ocrx_word' id='word_1_343' title='bbox 131 3661 160 3712; x_wconf 91' lang='lat' dir='ltr'><strong>et</strong></span> <span class='ocrx_word' id='word_1_344' title='bbox 178 3656 227 3726; x_wconf 87' lang='lat' dir='ltr'><strong>G.,</strong></span> <span class='ocrx_word' id='word_1_345' title='bbox 245 3656 267 3722; x_wconf 94' lang='lat' dir='ltr'><strong>l,</strong></span> <span class='ocrx_word' id='word_1_346' title='bbox 286 3658 329 3727; x_wconf 88' lang='grc'><strong>11,</strong></span> <span class='ocrx_word' id='word_1_347' title='bbox 345 3661 371 3721; x_wconf 74' lang='lat'><strong>§-</strong></span> <span class='ocrx_word' id='word_1_348' title='bbox 389 3659 454 3726; x_wconf 77' lang='lat'><strong>3953</strong></span> <span class='ocrx_word' id='word_1_349' title='bbox 471 3657 628 3729; x_wconf 85' lang='lat' dir='ltr'><strong>Lampredi,</strong></span> <span class='ocrx_word' id='word_1_350' title='bbox 645 3661 737 3716; x_wconf 84' lang='lat' dir='ltr'><strong>Iuris.</strong></span> <span class='ocrx_word' id='word_1_351' title='bbox 753 3656 839 3714; x_wconf 85' lang='lat' dir='ltr'><strong>Publ.</strong></span> <span class='ocrx_word' id='word_1_352' title='bbox 854 3673 914 3728; x_wconf 88' lang='lat' dir='ltr'><strong>par.</strong></span> <span class='ocrx_word' id='word_1_353' title='bbox 930 3659 952 3726; x_wconf 92' lang='lat' dir='ltr'><strong>l,</strong></span> <span class='ocrx_word' id='word_1_354' title='bbox 968 3673 995 3712; x_wconf 94' lang='lat' dir='ltr'><strong>c.</strong></span> <span class='ocrx_word' id='word_1_355' title='bbox 1016 3661 1058 3730; x_wconf 88' lang='grc'>111,</span> <span class='ocrx_word' id='word_1_356' title='bbox 1072 3661 1098 3722; x_wconf 65' lang='lat' dir='ltr'><strong>g.</strong></span> <span class='ocrx_word' id='word_1_357' title='bbox 1115 3657 1140 3730; x_wconf 82' lang='lat'><strong>73</strong></span> <span class='ocrx_word' id='word_1_358' title='bbox 1153 3658 1252 3713; x_wconf 84' lang='lat' dir='ltr'><strong>Rome-</strong></span> 
     </span>
     <span class='ocr_line' id='line_1_39' title="bbox 132 3731 1249 3806; baseline 0 -19"><span class='ocrx_word' id='word_1_359' title='bbox 132 3731 224 3802; x_wconf 86' lang='lat' dir='ltr'><strong>gnosi,</strong></span> <span class='ocrx_word' id='word_1_360' title='bbox 242 3731 354 3787; x_wconf 83' lang='lat' dir='ltr'><strong>Introd.</strong></span> <span class='ocrx_word' id='word_1_361' title='bbox 370 3731 432 3788; x_wconf 83' lang='lat' dir='ltr'><strong>allo</strong></span> <span class='ocrx_word' id='word_1_362' title='bbox 445 3731 543 3789; x_wconf 81' lang='lat' dir='ltr'><strong>studio</strong></span> <span class='ocrx_word' id='word_1_363' title='bbox 563 3731 1046 3806; x_wconf 66' lang='grc' dir='ltr'>(111111111111111111111111111111εαὶ1,</span> <span class='ocrx_word' id='word_1_364' title='bbox 1064 3741 1133 3804; x_wconf 92' lang='lat' dir='ltr'><strong>part.</strong></span> <span class='ocrx_word' id='word_1_365' title='bbox 1150 3734 1186 3804; x_wconf 91' lang='lat' dir='ltr'><strong>ll,</strong></span> <span class='ocrx_word' id='word_1_366' title='bbox 1205 3731 1249 3796; x_wconf 77' lang='lat' dir='ltr'><strong>lib.</strong></span> 
     </span>
     <span class='ocr_line' id='line_1_40' title="bbox 134 3807 1250 3882; baseline 0.002 -22"><span class='ocrx_word' id='word_1_367' title='bbox 134 3807 157 3877; x_wconf 94' lang='lat' dir='ltr'><strong>l,</strong></span> <span class='ocrx_word' id='word_1_368' title='bbox 172 3811 199 3871; x_wconf 79' lang='lat'><strong>§-</strong></span> <span class='ocrx_word' id='word_1_369' title='bbox 213 3808 279 3861; x_wconf 81' lang='grc'>336.</span> <span class='ocrx_word' id='word_1_370' title='bbox 292 3809 351 3879; x_wconf 84' lang='grc'>1111,</span> <span class='ocrx_word' id='word_1_371' title='bbox 365 3813 418 3864; x_wconf 89' lang='lat' dir='ltr'><strong>uuo</strong></span> <span class='ocrx_word' id='word_1_372' title='bbox 428 3807 548 3864; x_wconf 88' lang='lat' dir='ltr'><strong>adducto</strong></span> <span class='ocrx_word' id='word_1_373' title='bbox 560 3809 697 3882; x_wconf 76' lang='lat' dir='ltr'><strong>theologo,</strong></span> <span class='ocrx_word' id='word_1_374' title='bbox 710 3811 835 3880; x_wconf 83' lang='lat' dir='ltr'><strong>Antoinc,</strong></span> <span class='ocrx_word' id='word_1_375' title='bbox 852 3825 947 3864; x_wconf 88' lang='lat' dir='ltr'><strong>omnes</strong></span> <span class='ocrx_word' id='word_1_376' title='bbox 961 3811 1050 3880; x_wconf 87' lang='lat' dir='ltr'><strong>carpit</strong></span> <span class='ocrx_word' id='word_1_377' title='bbox 1064 3809 1250 3865; x_wconf 89' lang='lat' dir='ltr'><strong>vehementer:</strong></span> 
     </span>
     <span class='ocr_line' id='line_1_41' title="bbox 133 3883 1251 3956; baseline 0.003 -21"><span class='ocrx_word' id='word_1_378' title='bbox 133 3897 149 3935; x_wconf 88' lang='grc'><strong>1</strong></span> <span class='ocrx_word' id='word_1_379' title='bbox 164 3896 218 3954; x_wconf 90' lang='lat' dir='ltr'><strong>qua</strong></span> <span class='ocrx_word' id='word_1_380' title='bbox 233 3896 350 3938; x_wconf 86' lang='lat' dir='ltr'><strong>censure</strong></span> <span class='ocrx_word' id='word_1_381' title='bbox 365 3900 428 3940; x_wconf 88' lang='lat' dir='ltr'><strong>saue</strong></span> <span class='ocrx_word' id='word_1_382' title='bbox 443 3883 633 3956; x_wconf 84' lang='lat' dir='ltr'><strong>abstinuisset,</strong></span> <span class='ocrx_word' id='word_1_383' title='bbox 650 3889 672 3941; x_wconf 87' lang='lat' dir='ltr'><strong>sl</strong></span> <span class='ocrx_word' id='word_1_384' title='bbox 687 3885 811 3940; x_wconf 87' lang='lat' dir='ltr'><strong>eamdem</strong></span> <span class='ocrx_word' id='word_1_385' title='bbox 826 3887 1015 3956; x_wconf 88' lang='lat' dir='ltr'><strong>quaestionem</strong></span> <span class='ocrx_word' id='word_1_386' title='bbox 1030 3900 1044 3939; x_wconf 90' lang='grc'><strong>1</strong></span> <span class='ocrx_word' id='word_1_387' title='bbox 1058 3885 1251 3940; x_wconf 86' lang='lat' dir='ltr'><strong>iureconsultis</strong></span> 
     </span>
     <span class='ocr_line' id='line_1_42' title="bbox 132 3956 1250 4033; baseline 0.002 -21"><span class='ocrx_word' id='word_1_388' title='bbox 132 3965 162 4012; x_wconf 86' lang='lat' dir='ltr'><strong>et</strong></span> <span class='ocrx_word' id='word_1_389' title='bbox 176 3956 344 4029; x_wconf 88' lang='lat' dir='ltr'><strong>pbilosophis</strong></span> <span class='ocrx_word' id='word_1_390' title='bbox 361 3961 491 4032; x_wconf 86' lang='lat' dir='ltr'><strong>agitatam</strong></span> <span class='ocrx_word' id='word_1_391' title='bbox 510 3961 710 4030; x_wconf 81' lang='lat' dir='ltr'><strong>conspexisset,</strong></span> <span class='ocrx_word' id='word_1_392' title='bbox 728 3968 810 4033; x_wconf 86' lang='lat' dir='ltr'><strong>atque</strong></span> <span class='ocrx_word' id='word_1_393' title='bbox 826 3975 964 4033; x_wconf 83' lang='lat' dir='ltr'><strong>magnum,</strong></span> <span class='ocrx_word' id='word_1_394' title='bbox 981 3959 1173 4032; x_wconf 79' lang='lat' dir='ltr'><strong>theologorum</strong></span> <span class='ocrx_word' id='word_1_395' title='bbox 1188 3975 1250 4029; x_wconf 89' lang='lat' dir='ltr'><strong>par·</strong></span> 
     </span>
     <span class='ocr_line' id='line_1_43' title="bbox 132 4033 1251 4109; baseline 0.002 -21"><span class='ocrx_word' id='word_1_396' title='bbox 132 4039 190 4088; x_wconf 90' lang='lat' dir='ltr'><strong>tem</strong></span> <span class='ocrx_word' id='word_1_397' title='bbox 201 4033 229 4089; x_wconf 90' lang='lat' dir='ltr'><strong>in</strong></span> <span class='ocrx_word' id='word_1_398' title='bbox 240 4039 385 4105; x_wconf 87' lang='lat' dir='ltr'><strong>negantem</strong></span> <span class='ocrx_word' id='word_1_399' title='bbox 394 4036 557 4092; x_wconf 86' lang='lat' dir='ltr'><strong>senteutiam</strong></span> <span class='ocrx_word' id='word_1_400' title='bbox 567 4037 676 4093; x_wconf 85' lang='lat' dir='ltr'><strong>abiisse.</strong></span> <span class='ocrx_word' id='word_1_401' title='bbox 689 4038 783 4109; x_wconf 86' lang='lat' dir='ltr'><strong>Neque</strong></span> <span class='ocrx_word' id='word_1_402' title='bbox 793 4043 853 4092; x_wconf 88' lang='lat' dir='ltr'><strong>erat</strong></span> <span class='ocrx_word' id='word_1_403' title='bbox 864 4037 935 4108; x_wconf 90' lang='lat' dir='ltr'><strong>quod</strong></span> <span class='ocrx_word' id='word_1_404' title='bbox 946 4038 987 4092; x_wconf 88' lang='lat' dir='ltr'><strong>vir</strong></span> <span class='ocrx_word' id='word_1_405' title='bbox 998 4035 1165 4092; x_wconf 86' lang='lat' dir='ltr'><strong>clarissimus</strong></span> <span class='ocrx_word' id='word_1_406' title='bbox 1176 4037 1251 4091; x_wconf 85' lang='lat' dir='ltr'><strong>theo·</strong></span> 
     </span>
     <span class='ocr_line' id='line_1_44' title="bbox 132 4107 1251 4184; baseline 0.002 -20"><span class='ocrx_word' id='word_1_407' title='bbox 132 4107 203 4182; x_wconf 86' lang='lat' dir='ltr'><strong>logis</strong></span> <span class='ocrx_word' id='word_1_408' title='bbox 216 4116 405 4180; x_wconf 84' lang='lat' dir='ltr'><strong>succenseret,</strong></span> <span class='ocrx_word' id='word_1_409' title='bbox 422 4112 489 4166; x_wconf 86' lang='lat' dir='ltr'><strong>iuris</strong></span> <span class='ocrx_word' id='word_1_410' title='bbox 501 4112 633 4168; x_wconf 88' lang='lat' dir='ltr'><strong>naturalis</strong></span> <span class='ocrx_word' id='word_1_411' title='bbox 647 4120 794 4183; x_wconf 88' lang='lat' dir='ltr'><strong>praccepta</strong></span> <span class='ocrx_word' id='word_1_412' title='bbox 808 4111 1005 4180; x_wconf 83' lang='lat' dir='ltr'><strong>evolventibus,</strong></span> <span class='ocrx_word' id='word_1_413' title='bbox 1025 4133 1035 4161; x_wconf 86' lang='lat' dir='ltr'><strong>v</strong></span> <span class='ocrx_word' id='word_1_414' title='bbox 1053 4111 1210 4184; x_wconf 86' lang='lat' dir='ltr'><strong>erigendosi</strong></span> <span class='ocrx_word' id='word_1_415' title='bbox 1225 4113 1251 4167; x_wconf 89' lang='lat' dir='ltr'><strong>in</strong></span> 
     </span>
     <span class='ocr_line' id='line_1_45' title="bbox 133 4184 1251 4261; baseline 0.001 -22"><span class='ocrx_word' id='word_1_416' title='bbox 133 4185 284 4254; x_wconf 88' lang='lat' dir='ltr'><strong>precetlori</strong></span> <span class='ocrx_word' id='word_1_417' title='bbox 299 4184 325 4241; x_wconf 91' lang='lat' dir='ltr'><strong>di</strong></span> <span class='ocrx_word' id='word_1_418' title='bbox 339 4185 463 4245; x_wconf 88' lang='lat' dir='ltr'><strong>naturaie</strong></span> <span class='ocrx_word' id='word_1_419' title='bbox 476 4187 567 4244; x_wconf 85' lang='lat' dir='ltr'><strong>diritto</strong></span> <span class='ocrx_word' id='word_1_420' title='bbox 582 4211 593 4240; x_wconf 83' lang='grc'><strong>1</strong></span> <span class='ocrx_word' id='word_1_421' title='bbox 617 4188 718 4261; x_wconf 76' lang='grc'>11111111.</span> <span class='ocrx_word' id='word_1_422' title='bbox 733 4188 877 4260; x_wconf 78' lang='lat' dir='ltr'><strong>Egregium</strong></span> <span class='ocrx_word' id='word_1_423' title='bbox 890 4189 987 4243; x_wconf 82' lang='lat' dir='ltr'><strong>enimc</strong></span> <span class='ocrx_word' id='word_1_424' title='bbox 1002 4187 1135 4260; x_wconf 86' lang='lat' dir='ltr'><strong>theologis</strong></span> <span class='ocrx_word' id='word_1_425' title='bbox 1147 4186 1251 4258; x_wconf 73' lang='lat' dir='ltr'><strong>prolata</strong></span> 
     </span>
     <span class='ocr_line' id='line_1_46' title="bbox 133 4260 1250 4335; baseline 0.001 -21"><span class='ocrx_word' id='word_1_426' title='bbox 133 4267 208 4333; x_wconf 86' lang='lat' dir='ltr'><strong>sunt,</strong></span> <span class='ocrx_word' id='word_1_427' title='bbox 225 4260 300 4332; x_wconf 92' lang='lat' dir='ltr'><strong>quod</strong></span> <span class='ocrx_word' id='word_1_428' title='bbox 314 4261 390 4318; x_wconf 82' lang='lat' dir='ltr'><strong>eolus</strong></span> <span class='ocrx_word' id='word_1_429' title='bbox 404 4263 510 4319; x_wconf 89' lang='lat' dir='ltr'><strong>evincet</strong></span> <span class='ocrx_word' id='word_1_430' title='bbox 522 4269 658 4320; x_wconf 83' lang='lat' dir='ltr'><strong>tractatus</strong></span> <span class='ocrx_word' id='word_1_431' title='bbox 673 4264 793 4320; x_wconf 84' lang='lat' dir='ltr'><strong>Suarezii</strong></span> <span class='ocrx_word' id='word_1_432' title='bbox 807 4263 841 4319; x_wconf 89' lang='lat' dir='ltr'><strong>de</strong></span> <span class='ocrx_word' id='word_1_433' title='bbox 857 4263 975 4335; x_wconf 76' lang='lat' dir='ltr'><strong>legibus:</strong></span> <span class='ocrx_word' id='word_1_434' title='bbox 992 4263 1057 4334; x_wconf 88' lang='lat' dir='ltr'><strong>ipsis</strong></span> <span class='ocrx_word' id='word_1_435' title='bbox 1069 4273 1160 4318; x_wconf 88' lang='lat' dir='ltr'><strong>aulem</strong></span> <span class='ocrx_word' id='word_1_436' title='bbox 1173 4269 1250 4322; x_wconf 87' lang='lat' dir='ltr'><strong>natu·</strong></span> 
     </span>
     <span class='ocr_line' id='line_1_47' title="bbox 132 4336 1250 4412; baseline 0.001 -22"><span class='ocrx_word' id='word_1_437' title='bbox 132 4336 201 4393; x_wconf 85' lang='grc'>11111</span> <span class='ocrx_word' id='word_1_438' title='bbox 216 4351 250 4392; x_wconf 88' lang='lat' dir='ltr'><strong>ac</strong></span> <span class='ocrx_word' id='word_1_439' title='bbox 264 4338 436 4394; x_wconf 85' lang='lat' dir='ltr'><strong>rationabilia</strong></span> <span class='ocrx_word' id='word_1_440' title='bbox 450 4353 512 4394; x_wconf 91' lang='lat' dir='ltr'><strong>cum</strong></span> <span class='ocrx_word' id='word_1_441' title='bbox 527 4339 624 4396; x_wconf 90' lang='lat' dir='ltr'><strong>divinis</strong></span> <span class='ocrx_word' id='word_1_442' title='bbox 643 4341 820 4412; x_wconf 87' lang='lat' dir='ltr'><strong>coniungere,</strong></span> <span class='ocrx_word' id='word_1_443' title='bbox 837 4355 945 4410; x_wconf 87' lang='lat' dir='ltr'><strong>semper</strong></span> <span class='ocrx_word' id='word_1_444' title='bbox 965 4339 995 4394; x_wconf 89' lang='lat' dir='ltr'><strong>lu‘</strong></span> <span class='ocrx_word' id='word_1_445' title='bbox 1005 4339 1093 4395; x_wconf 86' lang='lat' dir='ltr'><strong>officio</strong></span> <span class='ocrx_word' id='word_1_446' title='bbox 1107 4340 1154 4394; x_wconf 88' lang='lat' dir='ltr'><strong>luit</strong></span> <span class='ocrx_word' id='word_1_447' title='bbox 1170 4345 1250 4407; x_wconf 84' lang='lat' dir='ltr'><strong>alque</strong></span> 
     </span>
     <span class='ocr_line' id='line_1_48' title="bbox 132 4412 1250 4485; baseline -0.002 -17"><span class='ocrx_word' id='word_1_448' title='bbox 132 4412 197 4483; x_wconf 78' lang='lat' dir='ltr'><strong>crit:</strong></span> <span class='ocrx_word' id='word_1_449' title='bbox 212 4426 264 4468; x_wconf 87' lang='lat' dir='ltr'><strong>nec</strong></span> <span class='ocrx_word' id='word_1_450' title='bbox 279 4413 438 4470; x_wconf 86' lang='lat' dir='ltr'><strong>nobiliorem</strong></span> <span class='ocrx_word' id='word_1_451' title='bbox 452 4421 528 4470; x_wconf 86' lang='lat' dir='ltr'><strong>certe</strong></span> <span class='ocrx_word' id='word_1_452' title='bbox 542 4416 675 4472; x_wconf 81' lang='lat' dir='ltr'><strong>naturalis</strong></span> <span class='ocrx_word' id='word_1_453' title='bbox 690 4417 803 4472; x_wconf 88' lang='lat' dir='ltr'><strong>rationis</strong></span> <span class='ocrx_word' id='word_1_454' title='bbox 819 4415 1024 4485; x_wconf 83' lang='lat' dir='ltr'><strong>explanatorem</strong></span> <span class='ocrx_word' id='word_1_455' title='bbox 1039 4415 1154 4471; x_wconf 80' lang='lat' dir='ltr'><strong>oderent</strong></span> <span class='ocrx_word' id='word_1_456' title='bbox 1167 4427 1250 4484; x_wconf 89' lang='lat' dir='ltr'><strong>quam</strong></span> 
     </span>
     <span class='ocr_line' id='line_1_49' title="bbox 132 4485 1249 4565; baseline -0.002 -22"><span class='ocrx_word' id='word_1_457' title='bbox 132 4485 327 4561; x_wconf 79' lang='lat' dir='ltr'><strong>theologorum</strong></span> <span class='ocrx_word' id='word_1_458' title='bbox 341 4503 374 4545; x_wconf 86' lang='lat' dir='ltr'><strong>ac</strong></span> <span class='ocrx_word' id='word_1_459' title='bbox 387 4489 612 4561; x_wconf 79' lang='lat' dir='ltr'><strong>pbilosophorum</strong></span> <span class='ocrx_word' id='word_1_460' title='bbox 628 4493 828 4565; x_wconf 85' lang='lat' dir='ltr'><strong>magistrums.</strong></span> <span class='ocrx_word' id='word_1_461' title='bbox 844 4493 984 4547; x_wconf 80' lang='lat' dir='ltr'><strong>Theman.</strong></span> <span class='ocrx_word' id='word_1_462' title='bbox 1000 4491 1126 4546; x_wconf 85' lang='lat' dir='ltr'><strong>Omnium</strong></span> <span class='ocrx_word' id='word_1_463' title='bbox 1140 4486 1249 4559; x_wconf 85' lang='lat' dir='ltr'><strong>opibus,</strong></span> 
     </span>
     <span class='ocr_line' id='line_1_50' title="bbox 132 4563 1119 4640; baseline 0 -22"><span class='ocrx_word' id='word_1_464' title='bbox 132 4565 243 4620; x_wconf 85' lang='lat' dir='ltr'><strong>sincere</strong></span> <span class='ocrx_word' id='word_1_465' title='bbox 257 4569 286 4621; x_wconf 88' lang='lat' dir='ltr'><strong>et</strong></span> <span class='ocrx_word' id='word_1_466' title='bbox 299 4565 358 4628; x_wconf 86' lang='lat' dir='ltr'><strong>sine</strong></span> <span class='ocrx_word' id='word_1_467' title='bbox 373 4566 479 4640; x_wconf 87' lang='lat' dir='ltr'><strong>invidie,</strong></span> <span class='ocrx_word' id='word_1_468' title='bbox 497 4567 677 4624; x_wconf 88' lang='lat' dir='ltr'><strong>communiter</strong></span> <span class='ocrx_word' id='word_1_469' title='bbox 692 4569 741 4640; x_wconf 89' lang='lat' dir='ltr'><strong>ull,</strong></span> <span class='ocrx_word' id='word_1_470' title='bbox 759 4583 848 4622; x_wconf 89' lang='lat' dir='ltr'><strong>nonne</strong></span> <span class='ocrx_word' id='word_1_471' title='bbox 863 4568 902 4622; x_wconf 86' lang='lat' dir='ltr'><strong>les</strong></span> <span class='ocrx_word' id='word_1_472' title='bbox 917 4573 944 4621; x_wconf 90' lang='lat' dir='ltr'><strong>el</strong></span> <span class='ocrx_word' id='word_1_473' title='bbox 959 4563 1119 4622; x_wconf 85' lang='lat' dir='ltr'><strong>honestum?</strong></span> 
     </span>
    </p>
   </div>
   <div class='ocr_carea' id='block_1_4' title="bbox 0 0 1647 5282">
    <p class='ocr_par' dir='ltr' id='par_1_4' title="bbox 0 0 1647 5282">
     <span class='ocr_line' id='line_1_51' title="bbox 0 0 1647 5282; baseline 0 0"><span class='ocrx_word' id='word_1_474' title='bbox 0 0 1647 5282; x_wconf 95' lang='lat' dir='ltr'><strong> </strong></span> 
     </span>
    </p>
   </div>
  </div>
 </body>
</html>
