3224 5282
608 290 803 348 remoueri.
1156 280 1219 346 153

142 441 336 509 monasterio
356 439 585 526 relinquerentr
603 445 686 528 quod
702 444 741 509 de
755 463 783 510 s.
801 441 959 525 Gregorio
973 441 1170 510 Nazianzeno
1184 444 1264 527 legi-

144 551 227 610 mus,
245 533 286 597 de
300 550 327 596 s.
345 530 530 607 Ambrosio,
546 533 626 598 des.
645 532 766 617 Cyrillo
781 531 1008 607 Alexandrino,
1030 533 1110 598 des.
1129 533 1258 612 Aredio,

141 622 183 684 de
196 640 223 686 s.
240 619 399 704 Gregorio
413 619 588 691 Tnmnensi
610 626 672 687 etc.
692 620 735 706 1).
752 623 924 688 Laicorura
935 621 1106 704 primitias,
1124 622 1261 688 decimas
1280 584 1340 732 pss,
1352 588 1507 723 T1¹1¹fm2⁵⁵¹¹3

139 711 302 786 collectas,
313 710 415 791 legata
427 714 460 774 et
471 713 673 786 testamenta,
689 728 782 779 nemo
793 709 965 776 indubium
977 711 1183 777 revocaverit.
1198 711 1260 777 Sed
1277 709 1413 798 monens
1454 711 1509 798 'nel

139 798 201 864 boc
213 797 442 872 honorabilius,
460 800 544 880 quod
560 797 713 864 coenobia
728 804 761 865 et
776 799 919 882 religiosi
933 797 1070 866 Ordines
1086 817 1159 864 arva
1169 801 1258 865 arida
1277 783 1509 873 clomatto‘neon·

140 892 175 953 et
189 888 322 961 inculta,
336 887 384 953 vel
396 905 413 950 a
425 887 575 953 Barbaris
589 887 790 971 depopulata,
801 892 834 953 et
846 886 1076 972 habitatoribus
1092 905 1198 964 vacua,
1213 889 1260 954 ie-
1276 893 1322 945 tre
1345 889 1508 949 l'toaueton

141 976 187 1040 ris
197 976 344 1059 depulsis,
363 975 461 1057 primi
477 975 733 1058 ingrederentur,
758 977 922 1048 sudoribus
936 976 1130 1052 excolerent,
1149 977 1259 1043 accitis
1277 964 1328 1023 ἅθ’
1354 966 1433 1025 ΝΜ
1461 984 1507 1024 ⁰⁶·

140 1065 293 1148 plebibus,
311 1065 414 1146 iisque
428 1065 468 1128 ad
480 1067 633 1130 moralem
644 1071 677 1132 et
687 1065 814 1134 civilem
830 1065 929 1149 vitam
944 1065 1100 1131 institutis
1116 1063 1159 1152 Ξ).
1171 1065 1260 1146 Quae
1277 1039 1458 1175 ⁰2⁶⁸·qld792·

139 1153 262 1228 omnia,
282 1153 481 1236 singulorum
494 1153 615 1236 ingenii
631 1159 725 1238 atque
740 1153 943 1236 parsimoniis
957 1155 1164 1237 augebantur.
1277 1117 1325 1250 m)
1359 1133 1507 1267 ι’,ῑξᾳαζξζ

239 1243 315 1307 llll.
332 1243 382 1307 Ex
397 1242 579 1322 praeiactis,
596 1261 676 1325 quae
692 1243 791 1308 fusius
805 1243 906 1309 videri
921 1247 1071 1331 poterunt
1086 1243 1169 1325 apud
1185 1243 1261 1311 Car·
1277 1236 1371 1328 tronea
1393 1273 1426 1326 p,
1447 1286 1508 1328 me.

141 1330 228 1395 riere
243 1328 287 1416 3),
301 1330 478 1395 necessario
494 1332 745 1397 concludendum
756 1337 804 1398 est
815 1331 847 1397 1.
858 1349 967 1397 omnes
978 1336 1086 1414 gentes
1098 1334 1147 1398 ius
1159 1350 1195 1400 ac
1206 1335 1261 1399 de-
1277 1345 1363 1403 dtum
1378 1359 1493 1402 aeuum.
1600 1353 1607 1370 ·

141 1420 245 1488 bitum
260 1419 394 1484 sensisse
409 1436 427 1482 a
444 1424 556 1484 natura
576 1420 733 1502 genitum,
751 1421 903 1504 quaedam
918 1439 936 1486 e
950 1421 1042 1486 bonis
1056 1423 1120 1486 suis
1135 1423 1170 1486 in
1186 1422 1261 1487 reli·
1299 1419 1327 1495 3>
1339 1425 1464 1478 Delusa.
1480 1428 1506 1477 el

143 1507 250 1590 gidnis
266 1508 368 1572 ollicia
382 1513 535 1590 perpetuo
551 1509 690 1574 dicandi:
708 1509 809 1576 Sucro
828 1511 970 1591 privato,
988 1510 1038 1576 lex
1052 1515 1121 1576 erat
1135 1510 1200 1576 Xll
1213 1517 1262 1576 ta·
1279 1501 1375 1626 Im!
1386 1501 1458 1566 part.
1483 1497 1505 1570 ¹,

143 1597 303 1672 bolarum,
317 1597 471 1677 perpetuo
486 1594 641 1684 cantol).
654 1599 687 1663 2.
706 1599 775 1664 lloc
790 1599 860 1663 iure
871 1614 996 1680 semper
1006 1599 1057 1663 usi
1071 1608 1144 1664 sunt
1159 1617 1263 1666 sacer·
1279 1579 1347 1631 ⁸⁰⁰²·
1375 1614 1387 1658 a
1402 1587 1429 1626 ⁰·
1446 1572 1474 1626 ⁴·

139 1685 232 1751 dotes
246 1685 417 1760 idolomm,
435 1685 616 1769 accipiendo
633 1674 727 1770 atque
742 1687 992 1752 administrando
1004 1705 1041 1752 ea
1056 1706 1136 1770 quae
1150 1694 1262 1755 contu·
1279 1646 1437 1798 129,ῗῖᾏῖ
1463 1649 1507 1702 ⁰⁶

138 1775 226 1838 lisset
241 1774 429 1857 populorum
450 1775 609 1851 voluntas,
630 1780 663 1841 et
677 1777 732 1858 qui
747 1794 785 1841 ea
799 1775 1013 1852 imminuerit,
1031 1776 1208 1858 parricidae
1225 1795 1261 1844 ac
1386 1769 1393 1796 ’

137 1862 297 1944 sacrilegi.
313 1859 345 1927 3.
360 1863 455 1930 Nulla
466 1881 604 1946 unquam
620 1882 818 1947 paganomm
828 1865 1076 1948 iurisprudcntia
1087 1866 1261 1932 constitue-

136 1957 201 2026 rat,
212 1949 370 2016 bonorum
379 1969 541 2018 sacrorum
549 1954 777 2037 proprietatem
786 1954 824 2018 ad
836 1973 925 2038 reges
938 1955 984 2022 vel
994 1954 1173 2038 adpopulos
1185 1973 1259 2037 per·
1322 2029 1326 2034 ,

137 2042 255 2116 tinere,
268 2040 324 2105 sed
333 2040 521 2124 quicumque
537 2043 708 2124 quidquam
719 2043 924 2124 expilassent,
937 2045 1003 2109 sive
1013 2061 1105 2126 reges
1116 2046 1183 2109 sive
1193 2043 1260 2126 prl-

137 2130 216 2204 vati,
235 2129 269 2193 in
284 2129 429 2194 bomines
444 2135 539 2215 atque
556 2131 590 2195 in
606 2133 707 2196 lleum
722 2131 854 2196 rebelles
863 2133 997 2199 decreti.
1011 2130 1045 2198 l.
1058 2134 1128 2199 Hoc
1143 2133 1192 2198 ius
1204 2149 1260 2206 na·

137 2223 230 2284 turae
245 2223 277 2283 et
289 2219 431 2300 gentium
444 2218 626 2284 Christiana¹
635 2221 748 2303 religio
759 2221 1007 2302 ingrediebatur,
1022 2221 1085 2286 nisi
1100 2223 1267 2308 absurdis--

136 2308 218 2372 sime
229 2307 358 2381 dixeris,
372 2306 458 2372 falsis
469 2308 675 2390 religionibus
687 2310 755 2374 iura
767 2309 868 2375 inesse
879 2328 959 2393 quac
970 2328 1077 2377 veram
1089 2311 1253 2393 effugiant;

137 2397 187 2460 vel
199 2396 337 2477 antiquis
345 2395 484 2462 Numina
496 2397 773 2463 licuissevenerari
784 2399 885 2464 desua
896 2399 1084 2473 substantia,
1095 2400 1179 2481 qnod
1192 2417 1255 2462 non

137 2485 233 2550 liceat
250 2481 451 2551 Christianis.
471 2486 503 2550 ὅ.
522 2487 603 2552 Prae
625 2487 810 2569 gentilibus,
828 2488 898 2554 iure
912 2488 1029 2571 potiori
1053 2505 1089 2551 ac
1104 2487 1255 2553 nobiliori

136 2571 380 2656 gaudet‘religio
398 2574 571 2640 christiana
586 2575 620 2640 in
637 2572 719 2642 bona
734 2576 796 2658 ipsi
812 2578 938 2651 collata,
955 2582 991 2641 ut
1007 2575 1126 2643 evincit
1143 2582 1255 2642 natura

135 2663 276 2728 lentium
291 2664 374 2728 unde
388 2662 443 2727 ille
457 2662 664 2740 obvenerunt,
678 2669 712 2731 et
727 2664 850 2746 patebit
866 2684 905 2730 ex
920 2664 1073 2730 dicendis.
1205 2659 1208 2668 ‘

227 2751 376 2817 Honestis
390 2751 529 2834 ingeniis
541 2753 601 2818 ista
613 2753 780 2820 sufficient:
794 2755 1060 2820 obtrectatoribus
1071 2757 1104 2819 et
1115 2755 1258 2836 pervica-

132 2839 235 2916 cibus,
251 2840 416 2924 scqueqtia
435 2841 591 2907 addimus.
1036 2875 1038 2880 ·
