3224 5282
587 339 770 391 rrrunosx.
1134 321 1198 388 157

102 485 173 570 .qui
185 483 644 553 uitamcarniflcibus'tradidit:
655 494 689 553 at
702 489 819 552 loculos
831 487 964 554 babebat
976 505 1016 552 ex
1027 488 1240 555 oblationibus

115 574 272 663 fidelium,
293 591 370 658 quos
384 574 452 639 eius
464 577 533 640 aevi
548 576 669 642 scribae
688 581 721 642 et
735 577 894 658 pharisaei
912 577 1050 642 noudum
1063 577 1240 645 nationales

116 663 661 754 loculos'appellaredidicerant.Sed
669 671 792 742 contra,
802 684 841 736 ex
849 664 1007 740 catholico
1014 685 1118 744 sensu,
1128 671 1237 735 statim

115 750 451 835 ipsopersecutionrun
464 757 621 836 tempore,
634 755 810 842 didicerant
819 755 927 820 fideles
938 755 1110 822 mobiliaet
1122 757 1238 823 immo-

114 841 195 905 bilia
205 842 244 907 ·in
260 859 432 923 perennem
438 841 597 908 Ecclesiae
609 844 838 927 proprietatem
849 843 1007 909 conterre.
1019 844 1088 911 Una
1099 847 1239 912 sacculo-

116 948 191 994 rum
203 948 274 995 vox:
284 929 332 994 ius
340 947 406 994 esse
414 930 558 996 fidelibus
569 931 677 1007 dandi,
688 923 849 998 Ecclesiae
861 933 1051 1014 accipiendi,
1062 939 1094 999 et
1106 935 1151 999 sic
1163 936 1244 1000 data.

117 1023 152 1083 et
163 1024 292 1101 accepta
304 1019 338 1082 in
346 1017 505 1085 Ecclesiae
519 1038 649 1085 manere
662 1023 792 1097 ditione,
796 1023 1001 1102 proprietate,
1008 1030 1169 1102 potestate,
1178 1043 1237 1104 pa-

119 1109 281 1182 trimonio,
293 1109 685 1186 dominatione3invasores
701 1127 775 1174 vero
787 1113 868 1194 [orti
879 1116 913 1175 et
923 1111 1078 1194 esculapii
1090 1129 1234 1193 arguere:

116 1197 203 1276 quod
223 1196 257 1260 in
273 1195 505 1278 capitularibus
527 1215 637 1279 regum
652 1200 859 1274 Francorum,
882 1203 914 1264 et
933 1205 1084 1282 perpetua
1103 1200 1237 1267 habetur

116 1284 267 1350 historia.
283 1307 301 1345 a
316 1285 438 1369 Scimus
452 1284 526 1370 (lert
540 1285 654 1351 Petilio
666 1290 777 1367 populi
792 1292 834 1354 od
847 1290 1066 1368 imperatorem
1085 1288 1238 1356 Carnium

116 1373 284 1457 Moenum)
296 1392 346 1438 res
355 1374 586 1440 Ecclesiaellea
593 1393 660 1440 esse
671 1383 819 1452 sacratas,
827 1378 944 1442 scimus
957 1395 1009 1441 eas
1022 1394 1089 1441 esse
1101 1379 1238 1443 oblatio·

117 1467 176 1526 nes·
189 1462 332 1528 lidelium
347 1468 380 1527 et
395 1463 497 1546 pretia
513 1470 725 1545 peccatorum.
737 1466 938 1548 Quapropter
952 1466 978 1529 si
991 1465 1060 1547 quis
1071 1482 1124 1529 eas
1136 1467 1174 1530 ab
1185 1486 1237 1532 ec-

115 1550 234 1627 clesiis,
251 1551 363 1633 quibus
377 1559 395 1616 a
411 1552 554 1617 fidelibus
570 1554 703 1618 collatae
719 1555 846 1637 Denque
862 1558 1002 1618 sacratae
1017 1559 1102 1628 sunt,
1117 1555 1232 1630 aufert,

115 1641 320 1722 sacrilegium
331 1641 441 1722 procul
452 1641 548 1705 dubio
560 1642 746 1707 committit:
757 1661 865 1708 caecus
877 1637 962 1707 enirn
975 1648 1022 1708 est
1034 1641 1089 1724 qui
1099 1642 1160 1709 ista
1171 1663 1234 1708 nou

119 1729 208 1794 videt
225 1728 268 1814 1).
284 1753 301 1792 n
315 1730 500 1810 Expressius
515 1729 575 1795 alia
592 1730 643 1796 lex
657 1731 892 1813 Baiuvaiorum:
916 1732 1059 1797 «Nullus
1074 1749 1146 1796 eum
1161 1733 1234 1818 (qui
1278 1719 1300 1793 il
1312 1723 1480 1798 capitular.

114 1836 167 1883 res
182 1819 418 1883 suasEcclesiae
434 1817 548 1883 alierre
564 1819 839 1902 velitlprohibeat,
852 1838 915 1884 non
930 1836 999 1895 rex,
1011 1839 1074 1884 nou
1090 1820 1164 1895 dux,
1177 1840 1233 1887 nec
1256 1801 1313 1871 ⁸⁶⁹
1318 1840 1323 1852 ·
1334 1802 1361 1855 F
1358 1815 1445 1859 rm·
1458 1811 1479 1860 ¹·

114 1908 183 1970 ulla
197 1923 330 1988 persona
345 1905 459 1973 bab'ea't
475 1913 665 1990 potestatem
678 1909 867 1990 prohidcndi
883 1909 913 1972 ei
929 1907 972 1991 2).
990 1932 1006 1972 »
1023 1909 1113 1990 Ergo·
1124 1910 1233 1974 Eccle-
1256 1873 1422 2023 'tffigjgflgf
1433 1954 1468 2010 95

113 1995 183 2060 siae
198 1995 372 2080 institutio,
390 2014 471 2079 quae
486 1996 689 2063 existentiam
702 1998 880 2063 et-modum
894 1997 1051 2063 existendi
1067 1998 1235 2062 immedia-
1366 1993 1373 2008 ‘
1422 1994 1428 2008 '
1473 1995 1479 2008 '

111 2085 201 2149 diate
216 2083 311 2149 babet
327 2101 345 2148 a
361 2085 430 2166 lege
444 2085 564 2161 divina,
579 2103 643 2150 non
659 2104 677 2151 a
694 2086 762 2172 lege
776 2087 877 2159 civili:
891 2087 959 2150 eins
975 2091 1087 2150 natura
1101 2090 1133 2150 et
1146 2087 1232 2166 linis3

112 2172 288 2238 catholicus
303 2173 417 2240 deinde
430 2175 621 2258 popolordm
637 2193 757 2251 sensus,
766 2176 920 2254 voluntas,
931 2175 1072 2249 libertam
1087 2193 1150 2239 uno
1166 2195 1235 2242 rer-

91 2327 94 2334 ,
112 2262 175 2336 bo„
185 2262 234 2326 ius
250 2267 393 2337 naturae,
411 2263 460 2327 ius
476 2264 632 2344 gentium,
647 2267 742 2346 atque
756 2264 873 2329 summi
890 2264 986 2348 ipsius
1001 2263 1073 2339 Dei,
1088 2264 1234 2330 ecclesia-

113 2352 231 2416 sticam
246 2350 377 2415 firmant
391 2352 644 2437 proprietatem(
663 2351 687 2437 ).

205 2440 249 2505 ll.
261 2439 423 2505 invasores
439 2458 504 2505 non
519 2440 698 2516 deruerunt,
709 2441 807 2507 etiam
822 2441 910 2524 regia
925 2441 1080 2524 fulgentes
1094 2440 1234 2522 dignita-

113 2527 229 2594 te.Scd
241 2539 259 2591 a
271 2528 355 2593 lacto
371 2528 409 2592 ad
424 2527 473 2593 ius
489 2548 552 2594 non
568 2535 656 2596 tenet
671 2530 787 2595 illatio:
798 2548 856 2595 noc
870 2530 936 2596 lere
952 2548 1091 2612 unquam
1103 2530 1233 2594 laudan·

111 2618 147 2682 di
161 2617 196 2680 in
212 2616 369 2698 civilibus,
385 2617 441 2700 qui
456 2617 490 2682 in
505 2619 679 2684 Ecclesiam
694 2619 782 2685 luere
797 2619 952 2700 sacrilegi.
971 2619 1023 2686 Sic
1039 2618 1234 2701 (lbilpcricus

91 2702 199 2770 rex'c
210 2710 399 2775 testamenta
411 2724 491 2791 quae
503 2707 537 2770 in
549 2707 724 2773 Ecclesiam
735 2708 915 2789 conscripta
927 2714 1029 2782 erant,
1049 2709 1233 2792 plerumque

112 2794 255 2875 disrupit
267 2791 311 2878 3):
328 2817 345 2856 »
358 2795 413 2878 qui
428 2795 470 2860 ob
485 2811 540 2860 sua
555 2796 633 2860 vitia
648 2801 682 2861 et
697 2796 791 2872 lacta,
802 2798 905 2864 dictos
917 2796 979 2862 luit
989 2798 1075 2863 Nero
1088 2800 1121 2860 et
1131 2797 1233 2860 liero-
1271 2799 1299 2872 ³)
1325 2805 1406 2878 drag.
1423 2810 1478 2866 Tu·

111 2885 168 2948 des
183 2883 232 2960 sui
248 2883 376 2948 saeculi.
403 2887 448 2949 nt
463 2883 643 2968 paulopost
659 2883 852 2952 Gutramnus
866 2904 922 2950 rex
942 2889 1162 2951 «testamenta
1178 2885 1232 2950 de-
1252 2890 1336 2947 ron,
1364 2885 1475 2942 Histoe·

112 2973 309 3045 iunctorum,
327 2973 382 3054 qui
397 2973 543 3037 ecclesias
559 2972 709 3038 haeredes
724 2974 942 3049 instituerant,
963 2978 996 3039 et
1016 2991 1035 3037 a
1051 2971 1231 3056 chilperico
1251 2954 1475 3032 F'anrffi·

111 3076 294 3141 compressa
309 3059 447 3137 lucrant,
464 3063 652 3127 restaurarit
665 3059 704 3145 dl
716 3087 733 3125 a
746 3063 877 3146 Pipinas
892 3081 1049 3147 quoque«
1063 3067 1232 3145 quantum·
1269 3073 1298 3148 4)
1308 3073 1476 3152 ·lbid.vll,l.

111 3166 248 3230 eumque
258 3149 298 3213 de
306 3149 397 3215 rebus
408 3150 640 3226 ecclesiasticis,
650 3157 825 3235 quaepater
836 3169 908 3216 snus
920 3152 1099 3226 abstulerat,
1108 3151 1227 3231 potuit,

111 3238 254 3304 ecclesiis
264 3239 396 3304 redde're
406 3239 587 3322 procuravit
599 3237 643 3323 ὅ).
661 3239 909 3305 »Latrocinium
921 3241 1040 3305 latetur
1051 3240 1227 3304 restitutio.
1270 3244 1475 3324 cleopallep.

112 3327 210 3396 Cuius
225 3327 356 3408 quidem
370 3329 544 3404 latrocinii,
568 3345 626 3393 nec
640 3329 763 3414 populis
778 3347 837 3395 noc
852 3329 1047 3412 principibus
1061 3328 1230 3412 spernendi
1250 3324 1381 3395 Frobe,
1407 3330 1474 3383 tom.

112 3423 189 3482 sunt
204 3415 346 3482 effectus·
641 3463 645 3472 Ι
1252 3399 1288 3475 ll,
1302 3398 1357 3458 001.
1377 3403 1439 3456 109.

202 3504 263 3570 Xl.
278 3505 347 3571 lam
359 3504 491 3574 Carolus
501 3507 637 3590 Magnus
653 3504 687 3572 in
702 3507 908 3592 responsione
923 3507 962 3572 ad
974 3505 1161 3572 Petilionem
1174 3526 1232 3594 pp-

117 3679 1232 3843 1aafftlbtttl:‘ttitltfttllttttttltllttaltllt‘t‘billi?

112 3831 155 3890 lde
170 3832 205 3890 do
221 3841 282 3891 tous
296 3851 341 3892 ses
354 3834 503 3902 domaines,
515 3841 543 3892 et
555 3834 589 3891 de
602 3841 692 3892 toules
706 3849 751 3891 ees
766 3836 948 3905 possessione,
957 3849 1020 3889 sans
1033 3840 1189 3904 exception,
1205 3834 1230 3890 lc
1285 3886 1289 3892 .

112 3905 208 3980 clerge'
218 3909 252 3965 de
264 3913 382 3983 Franco,
391 3907 496 3982 malgre
507 3925 559 3966 une
570 3908 707 3981 propriett
720 3907 875 3966 sanctioaee
886 3925 937 3980 par
947 3914 1035 3964 tontes
1051 3908 1091 3964 les
1106 3909 1230 3978 puissun-

112 3998 160 4040 cas
170 3983 207 4040 de
219 3983 358 4057 l’univera‚
367 4000 415 4056 par
427 3984 451 4040 le
461 3985 606 4042 sacerdocc
616 3992 643 4042 et
653 3982 784 4057 l’ampire3
793 3983 930 4056 propriata
941 3985 1052 4055 acquire
1062 3981 1158 4054 depuis
1167 3982 1231 4055 pres

113 4057 148 4114 da
159 4065 290 4130 quatorze
301 4059 409 4131 cibalas,
420 4065 449 4118 ct
460 4075 494 4117 cn
504 4060 639 4136 leucarde
651 4058 780 4134 laquelle,
791 4063 807 4116 d
819 4060 911 4118 detaut
921 4059 955 4116 de
965 4061 1056 4129 titres,
1070 4056 1127 4114 s’ils
1138 4057 1230 4114 n’eua-

111 4141 174 4204 sept
188 4149 238 4204 pas
252 4135 349 4208 existe,
362 4133 469 4192 militoit
484 4135 509 4192 la
523 4137 705 4206 prascription
718 4136 745 4192 la
758 4135 821 4206 plac
831 4138 992 4207 'ualentique
1006 4134 1074 4190 dont
1088 4133 1128 4190 les
1143 4150 1229 4191 anna-

110 4208 152 4264 les
165 4206 201 4265 da
214 4211 241 4266 la
253 4210 352 4281 justice
366 4211 467 4268 lassent
481 4212 610 4269 mention.
619 4211 703 4280 dinei,
712 4211 793 4280 apres
807 4217 935 4284 quatorze
951 4217 1030 4266 centa
1043 4225 1093 4264 aas
1104 4207 1139 4266 de
1151 4212 1229 4267 titres

110 4290 140 4340 et
153 4283 188 4342 do
199 4283 364 4360 ionicorum,
387 4287 416 4344 la
430 4284 519 4358 pillide
532 4292 561 4343 et
572 4284 700 4343 lavante
714 4285 824 4358 l’liglise
836 4285 986 4356 Gallicane,
1002 4290 1096 4342 contre
1110 4290 1172 4340 tous
1187 4284 1228 4341 les

110 4359 199 4417 droita
212 4361 299 4419 aduris
312 4377 362 4434 par
377 4361 417 4418 les
429 4363 553 4419 hommes
567 4359 659 4419 raonis
668 4377 701 4418 ea
713 4359 825 4431 sociati,
835 4368 929 4419 contre
942 4359 967 4417 lo
978 4361 1051 4418 droit
1064 4358 1229 4429 natural,ci·

110 4434 156 4508 vil,
178 4433 252 4493 divin
265 4444 294 4494 et
306 4438 429 4512 bumain,
449 4452 500 4508 par
513 4452 566 4495 une
579 4437 673 4495 naaion
687 4438 732 4509 qui
746 4451 776 4492 se
790 4435 871 4493 discit
884 4438 953 4494 arnie
972 4436 1005 4493 de
1021 4432 1185 4505 immanite,
1200 4440 1228 4488 et

110 4513 156 4583 qul
169 4527 200 4568 se
209 4512 336 4584 gloriboit
347 4512 382 4570 de
397 4529 446 4571 sou
458 4510 540 4570 siecle
554 4528 659 4570 mmmc
673 4511 710 4569 du
724 4512 788 4583 plus
800 4510 899 4568 celant
911 4513 958 4586 qui
971 4512 1009 4569 ait
1021 4508 1118 4583 jamnis
1130 4508 1167 4566 lui
1178 4522 1226 4564 sur

110 4585 150 4643 les
164 4588 305 4648 mortelsa
322 4590 470 4665 (bornaco,
486 4587 691 4649 declamator
703 4594 773 4664 etc,
790 4585 882 4660 ilar).
910 4593 915 4598 “
