3224 5282
579 305 773 366 rtrutmtx.
1129 287 1191 363 tal

209 457 268 524 Vl.
286 457 372 523 llaec
395 457 530 540 probant
549 457 876 542 1111111111111
899 459 1075 540 immobilia
1097 479 1235 543 possessa

120 547 216 612 tuisse
232 547 271 610 ab
285 547 439 622 Ecclesia,
453 547 523 612 siue
538 547 602 612 ulla
619 550 848 631 imperatorum
860 549 1072 614 concessione:
1088 551 1193 630 agitur
1203 569 1236 613 e-

119 637 185 700 nim
202 636 242 700 de
257 652 401 716 corpore,
418 636 458 699 de
473 639 710 712 conventiculis,
730 638 768 702 de
780 637 849 701 iure
863 639 1025 702 hominum
1037 657 1099 702 non
1111 644 1235 704 tantum

119 725 330 810 sinpuluruna,
348 743 411 789 uno
427 726 534 799 verbo,
552 726 591 790 de
607 727 676 790 iure
689 727 900 792 ecclesiarum.
912 729 945 792 2.
959 728 1044 791 Haec
1056 728 1125 792 iura
1138 729 1236 792 eccle·

118 814 236 878 siamm
253 815 351 879 relata
367 814 463 878 tuisse
479 815 518 878 ad
533 815 582 880 ius
597 817 753 892 naturale,
771 821 839 880 tum
855 833 894 879 ex
910 816 993 880 iacto
1009 817 1233 889 restitutionis,

119 908 191 968 tum
207 903 324 966 exiliis
336 903 592 984 verbisqueeau
602 905 801 970 elicnumius
809 904 966 986 pertinent
977 910 1056 980 etc.;
1067 907 1155 971 11111
1166 907 1236 970 iure

119 993 203 1073 quod
217 993 259 1055 ad
273 992 448 1056 dominium
458 993 594 1072 pertinet
609 993 786 1059 imminuto.
1139 1063 1144 1074 ,
1274 1045 1277 1056 .

209 1080 285 1145 vll.
302 1081 355 1145 lus
369 1081 528 1146 Ecclesiae
551 1083 731 1163 possidendi
747 1077 780 1150 et
795 1083 897 1164 legata
912 1081 1102 1164 accipiendi,
1124 1102 1163 1148 ex
1181 1100 1250 1148 na··

118 1173 192 1233 tura
207 1187 286 1243 esse,
296 1187 361 1232 non
376 1187 415 1233 ex
427 1169 514 1251 regia
526 1174 651 1235 tantum
663 1173 873 1245 concessione,
886 1172 969 1253 leges
980 1171 1061 1236 aliae
1072 1191 1170 1255 aeque
1182 1173 1236 1237 de*

119 1262 313 1322 monstrant.
328 1259 410 1324 Nam
425 1276 465 1323 ex
474 1259 753 1326 ,Senatusconsulto
766 1259 838 1328 Divi
850 1261 951 1326 Marci
962 1263 1158 1342 temporibus
1169 1262 1237 1327 edi·

117 1352 167 1421 to,
185 1366 203 1406 1
221 1347 308 1411 nulla
323 1347 477 1411 dubitatio
489 1349 631 1430 estquod
642 1349 671 1414 si
682 1351 821 1431 corpori,
833 1349 883 1414 cui
896 1348 1079 1428 ticetpoire,
1098 1351 1236 1433 legatum
1338 1349 1339 1352 ’

117 1437 175 1511 sit,
193 1435 345 1501 debeatur
363 1434 403 1518 1).
417 1435 528 1517 »Lege
540 1443 646 1503 autem
659 1456 676 1502 1
689 1437 873 1504 Costantino
886 1437 948 1501 lata
960 1455 1044 1502 anno
1057 1436 1135 1502 321:
1148 1461 1164 1498 1
1172 1441 1237 1504 Η1-
1279 1431 1481 1505 hepatitis.

118 1526 194 1590 beat
202 1523 414 1606 unusquisque
423 1523 596 1600 licentiam,
606 1527 803 1593 sanctissimo
813 1526 968 1592 catholico
977 1527 1237 1594 venerabiliilon-
1257 1509 1377 1583 fflwa
1394 1517 1414 1565 ¹·
1432 1516 1459 1565 5·

118 1615 198 1679 cilio
212 1610 406 1697 (Ecclesiae),
420 1613 583 1690 decedens,
602 1617 755 1681 bonorum
771 1617 854 1701 quod
870 1614 1027 1698 optaverit
1042 1615 1234 1698 relinquere;

118 1708 152 1768 et
169 1720 236 1768 non
252 1701 317 1766 sint
332 1719 417 1766 cassa
432 1701 551 1766 iudicia
561 1702 660 1789 (eius).
674 1706 764 1772 Nihil
777 1706 862 1770 enirn
875 1708 923 1768 est
938 1705 1020 1785 quud
1030 1705 1238 1787 1119111111·-

117 1794 213 1857 nitus
223 1791 386 1869 debeatur,
402 1797 548 1873 quamut
563 1811 728 1876 supremae
743 1794 926 1867 voluntatis,
943 1797 1109 1876 postquam
1124 1795 1188 1858 iam
1204 1812 1237 1858 a·

117 1883 188 1946 liud
204 1880 282 1950 velle
298 1897 362 1944 non
377 1884 522 1961 possunt,
541 1881 621 1946 liber
636 1884 678 1948 sit
693 1884 806 1966 stylus,
824 1887 857 1948 et
872 1883 993 1948 licitum
1016 1883 1101 1963 quod
1118 1884 1235 1947 iterum

116 1991 185 2036 non
197 1969 281 2034 redit
293 1968 462 2033 arbitrium
469 1967 513 2053 2).
527 1987 544 2032 »·
555 1970 650 2037 Cuius
663 1972 751 2054 legis,
765 1973 811 2038 ait
823 1971 1042 2046 Gothulridus,
1053 1989 1117 2035 non
1131 1989 1167 2035 ea
1177 1971 1238 2036 luit
1268 1955 1293 2044 2)
1301 1957 1359 2016 Cui
1364 1959 1481 2046 1711011·

114 2077 224 2134 causa,
243 2062 278 2122 ut
294 2060 476 2124 testamenti
493 2059 590 2125 tactio
602 2061 723 2143 passiva
734 2066 810 2126 tuuc
823 2062 964 2144 primum
975 2057 1115 2126 ecclesiis
1126 2077 1239 2125 conce-
1258 2033 1389 2144 linxit,
1402 2041 1483 2107 Μ’

114 2154 258 2220 deretur,
276 2147 330 2210 sed
353 2146 425 2228 quia
442 2147 482 2211 de
496 2148 682 2230 quibusdam
705 2151 826 2215 casibus
849 2149 1063 2214 dubitabatur.
1082 2149 1117 2215 Si
1133 2154 1237 2215 autem
1258 2110 1485 2243 ἷξέὶςῗῖέζέᾛ

114 2239 205 2324 quod
221 2237 273 2300 lex
286 2235 408 2301 terebat
418 2237 595 2302 bominibus
607 2241 782 2318 debebatur,
798 2257 856 2304 nec
868 2239 968 2304 libere
985 2256 1042 2303 nec
1058 2239 1169 2320 gratis,
1184 2240 1239 2304 sed
1330 2229 1337 2260 ²
1422 2230 1429 2259 '

116 2333 234 2395 natura
248 2325 389 2399 iubente,
406 2325 647 2393 concedebatur.
665 2331 737 2412 lpso
752 2331 858 2394 autern
870 2327 1062 2395 Gothotrido
1080 2329 1238 2409 interpre-

115 2425 160 2491 te,
178 2413 396 2480 solemnitates
408 2413 517 2478 civiles
528 2417 832 2497 praescribebantur:
845 2417 967 2499 quibus,
982 2416 1047 2480 sive
1059 2418 1162 2498 quoad
1173 2417 1238 2480 sin·

114 2508 280 2588 gulosum,
298 2503 363 2567 sire
378 2503 481 2584 quoad
497 2505 655 2572 Ecclesiae
669 2507 891 2590 proprietates,
910 2507 980 2570 iura
997 2506 1043 2572 vel
1060 2506 1161 2570 officia
1178 2506 1240 2570 im-

116 2592 306 2677 perantium
322 2592 538 2658 continentur.
855 2611 860 2622 ‘

211 2681 1240 2768 ῪΙΙΙ.Ρ11111111111111111111111111111111111,11112703),
1275 2680 1485 2769 steortrbend.

117 2791 158 2837 ne
176 2769 385 2859 ecclesiastici
398 2769 446 2833 vel
458 2770 513 2851 qui
524 2774 759 2837 continentium
771 2774 879 2838 volunt
890 2791 924 2838 se
940 2772 1069 2837 nomine
1081 2791 1243 2854 nuncupa·
1262 2757 1486 2842 ¹⁰⁰·⁰l²·›¹ie·2⁰·

117 2862 158 2936 ri,
176 2859 301 2942 aliquid
313 2858 493 2940 reciperent
505 2879 544 2925 ex
554 2862 727 2926 donatione
742 2862 790 2927 vel
802 2864 991 2927 testamento
1003 2879 1021 2925 a
1034 2862 1134 2928 viduis
1149 2867 1181 2930 et
1192 2880 1243 2926 re-

116 2951 246 3032 ligiosis
261 2947 402 3012 feminis.
418 2946 537 3018 Verum
549 2951 692 3032 recipere
708 2969 771 3014 non
788 2951 1013 3034 prohibebatur
1024 2952 1176 3026 Ecclesia,
1190 2951 1241 3015 cui

116 3039 193 3104 ideo
208 3036 315 3120 potius
329 3035 450 3119 proluit
466 3037 522 3101 illa
538 3039 601 3112 lex,
615 3044 733 3121 utpost
744 3040 947 3105 Ambrosium
963 3046 995 3106 et
1009 3041 1241 3123 Hieronymum

117 3127 259 3194 advertit
281 3123 514 3191 Thomassinus:
532 3132 686 3208 quatenus
701 3129 749 3192 illi
764 3128 873 3193 clerici
884 3147 961 3192 ‘non
977 3146 1051 3193 raro
1068 3128 1106 3191 ad
1121 3146 1155 3192 se
1169 3145 1242 3211 per-

116 3216 290 3290 trahebant
304 3232 383 3297 quae
398 3214 526 3281 lucrant
540 3217 700 3282 Ecclesiae
720 3217 889 3283 destinata.
908 3219 977 3281 lmo
994 3218 1045 3280 lex
1060 3234 1124 3279 non
1139 3217 1241 3296 respi-

116 3307 226 3370 ciebat
242 3321 452 3388 quascumque
476 3305 636 3370 mulieres:
653 3307 692 3370 de
707 3323 769 3388 qua
791 3307 860 3386 lege
882 3306 952 3371 vide
966 3304 1140 3388 Christiani
1157 3303 1240 3386 Lupi

116 3394 379 3460 dissertationem
390 3393 429 3457 de
440 3395 706 3459 monasteriorum
718 3395 866 3472 simonia,
879 3394 981 3477 capite
989 3395 1066 3460 llll.
1078 3393 1153 3458 Pari
1163 3412 1241 3458 con-

116 3485 193 3549 silio
202 3481 407 3558 Theodosius,
420 3500 504 3556 anno
518 3481 595 3560 390,
606 3484 790 3548 diaconissis
802 3483 1007 3564 prohibuerat
1019 3481 1240 3564 nequidquam

120 3592 137 3634 a
151 3575 193 3638 de
206 3570 378 3637 monilibus
393 3575 427 3637 et
442 3572 667 3655 suppellectili,
682 3575 721 3637 de
732 3591 823 3647 auro,
834 3578 979 3654 argento,
990 3573 1169 3654 ceterisque
1179 3572 1243 3636 cla-

118 3680 175 3727 rae
187 3660 488 3742 domusinsignibus
501 3685 518 3724 »
536 3666 726 3728 testamento
740 3663 998 3729 transmitterent
1007 3661 1178 3735 Ecclesiae,
1188 3665 1242 3725 aut

119 3750 323 3834 pauperibus
342 3751 376 3816 in
390 3751 619 3834 praeiudicium
635 3751 807 3816 liberorum
825 3748 877 3837 (u).
896 3750 969 3827 Sed,
988 3750 1117 3816 mutatis
1131 3751 1243 3814 adiun-

200 3945 242 4019 11)
267 3946 296 4002 11
311 3946 369 4008 1111
389 3946 557 4020 possidendi,
573 3963 625 4005 nec
639 3948 773 4006 rationem
786 3961 839 4004 nec
852 3945 963 4004 modum
983 3945 1088 4017 respuit
1107 3943 1240 4002 Ecclesia.

120 4026 211 4092 Quum
232 4025 303 4079 enim
325 4024 505 4095 augustinum
527 4025 761 4095 reprehenderent
775 4022 894 4080 nonnulli
915 4023 986 4095 quod
1008 4021 1172 4092 hereditates
1189 4029 1242 4077 bon

121 4100 288 4171 susciperet,
298 4099 331 4154 ita
346 4099 417 4169 apud
433 4099 562 4170 populum
577 4116 606 4156 se
621 4100 756 4172 purgabat
770 4099 979 4157 humanissimus
994 4098 1117 4154 antistes.
1134 4095 1241 4153 1ΡΙ111

122 4177 253 4246 suscipio,
275 4176 405 4246 profiteor
419 4191 461 4230 me
476 4177 615 4245 suscipere
635 4175 785 4232 oblationes
798 4175 894 4245 bonas,
908 4172 1060 4229 oblationes
1074 4177 1193 4228 1111111.
1216 4171 1243 4226 Si

120 4251 184 4321 quis
203 4257 296 4306 autern
311 4249 434 4306 irascitur
449 4251 474 4305 in
489 4250 572 4306 hlium
588 4268 680 4322 suum,
695 4258 724 4308 et
737 4251 855 4308 moriens
875 4249 1024 4308 exheredat
1038 4263 1112 4319 eumq
1135 4248 1156 4302 si
1172 4247 1245 4303 vlte-

120 4331 175 4393 ret,
191 4341 245 4380 uon
265 4340 327 4382 euro
342 4324 499 4394 placarem?
513 4341 565 4382 non
580 4327 604 4382 ei
619 4327 704 4383 tilium
719 4343 798 4384 suum
812 4325 988 4383 reconciliare
1002 4321 1153 4381 deberem?
1171 4325 1244 4388 Quo·

119 4403 202 4458 11111
211 4415 278 4472 ergo
289 4417 352 4455 curn
366 4400 474 4456 filiosuo
483 4400 542 4457 volo
552 4407 583 4457 ut
594 4401 892 4474 habeatpacem,culus
904 4407 1003 4472 appeto
1013 4395 1240 4456 hereditatemi...

118 4478 187 4542 Quid
202 4475 402 4546 plura,lratrcs
420 4475 488 4532 mei?
499 4477 667 4550 9111111111
682 4478 750 4550 vult,
761 4476 928 4535 exheredato
943 4477 1005 4547 illio,
1014 4472 1142 4530 heredem
1153 4472 1242 4528 tacere

119 4551 287 4627 Ecclesiam,
301 4558 412 4625 quaerat
426 4551 542 4610 alterum
554 4555 600 4628 qul
618 4554 762 4628 suscipiat,
774 4569 824 4610 111
836 4553 1027 4626 Augustinum:
1043 4549 1243 4622 1111111111-
