3222 5282
416 294 458 359 36
861 309 955 358 sinen
971 309 993 356 r.

458 457 560 520 Habes
576 456 789 529 diversitatem
804 473 844 519 eu
859 446 996 518 obie'cto.
1010 453 1070 537 Sed
1086 452 1147 532 alia
1164 457 1210 516 est
1226 470 1349 533 quoque
1366 470 1426 534 pro
1441 455 1493 518 di-

370 546 517 610 versitate
530 545 651 626 agentis
661 544 707 608 vel
716 542 862 608 subiecti:
875 563 892 602 a
903 544 940 608 lu
953 542 1042 606 omni
1054 539 1212 606 iniustitia
1224 558 1282 620 per
1294 541 1429 606 multum
1439 545 1494 608 iu-

369 637 588 709 terestutrum
597 632 834 715 perturbatione
842 631 1147 714 aliquaanimi...an
1157 630 1298 700 consulto
1306 635 1339 696 et
1350 632 1494 714 cogitato

369 724 424 787 fiat
440 723 569 788 iniuria.
591 719 724 798 Leviora
744 722 830 786 enim
845 724 918 785 sunt
933 737 1012 802 quae
1027 719 1196 801 repentino
1211 719 1318 800 aliquo
1333 725 1425 785 motu
1439 739 1494 786 ac-

154 825 178 893 lt
193 820 346 897 uic.,0ss.,
369 813 490 884 cidunt.
514 805 607 893 quam
631 827 667 874 ea
683 829 761 894 quae
777 809 927 874 meditata
949 812 982 873 et
1003 809 1187 892 praeparata
1209 806 1388 874 inferuntur
1404 807 1447 893 1).
1472 834 1492 873 a

122 903 143 975 1,
167 904 211 955 es
273 929 275 934 -

369 901 471 980 Quam
486 899 687 982 sapientiam,
704 916 876 982 poenarum
892 897 1015 964 codices
1029 906 1062 965 et
1077 897 1280 979 magistratus
1302 899 1494 980 perspectis·

368 989 480 1054 simam
495 989 624 1054 habent.
1324 1025 1327 1028 -

458 1078 550 1142 XlX.
567 1078 688 1143 Stoicos
699 1081 732 1142 et
743 1077 959 1142 Protestantes
974 1095 1038 1140 uno
1052 1075 1120 1141 ictu
1133 1073 1312 1150 defiximus,
1326 1073 1401 1142 licet
1412 1076 1494 1142 Pro-

369 1171 521 1232 tcstantes
533 1165 593 1248 ipsi
610 1167 674 1229 iarn
686 1184 704 1230 a
717 1171 884 1248 parentum
899 1164 1043 1230 doctrina
1057 1165 1243 1229 recesserint
1249 1159 1302 1248 (a).
1313 1163 1373 1230 Sed
1384 1182 1493 1231 rerum
1569 1244 1574 1250 ,

368 1273 478 1320 carneae
486 1260 518 1321 et
529 1255 692 1335 analogiae
707 1256 903 1338 quaerendae
914 1259 1000 1319 sunt.
1013 1253 1193 1320 Stoicorum
1204 1252 1349 1316 doctriua
1360 1253 1495 1321 uteban-

369 1347 421 1408 tur
436 1343 490 1426 qui
506 1344 591 1409 inter
612 1343 699 1423 ipsos
715 1346 845 1409 aderant
861 1343 999 1424 politici,
1024 1346 1060 1406 ut
1074 1341 1249 1406 factionum
1272 1346 1417 1421 tempore
1436 1345 1493 1425 qui

370 1434 486 1498 lineam
505 1433 739 1507 transiliissem,
761 1433 808 1498 uti
823 1433 1019 1500 Rubiconem
1036 1429 1150 1496 Caesar
1165 1448 1262 1512 usquc
1279 1430 1318 1494 ad
1328 1430 1427 1523 finem
1439 1449 1495 1496 ur-

369 1527 531 1603 gerentur.
545 1522 646 1605 Atqui
658 1523 727 1604 pari
738 1521 885 1594 consiliu,
898 1521 953 1585 sod
964 1519 1164 1602 profundiori
1176 1536 1297 1596 errore,
1309 1519 1495 1585 Protestan-

368 1614 450 1686 tium
465 1611 594 1694 megisti
609 1611 814 1680 ducebantur.
832 1610 896 1692 lpsi
906 1626 1030 1691 quoque
1041 1607 1233 1672 fatalismum
1245 1609 1442 1684 invexerant,
1457 1616 1494 1676 ut

368 1719 400 1765 sa
415 1719 548 1783 suosque
562 1700 674 1766 morali
690 1699 781 1765 frenc
796 1701 1002 1764 exsolverent.
1011 1698 1108 1772 Deus,
1121 1698 1258 1773 aiebant,
1269 1715 1326 1779 per
1336 1697 1495 1778 originale

367 1795 531 1871 peccatum
546 1790 646 1855 fracta
661 1789 827 1853 bominum
844 1788 1001 1861 libertate,
1018 1805 1058 1850 ex
1073 1786 1235 1869 deperdita
1250 1786 1396 1851 omnium
1411 1804 1495 1852 mas-

368 1895 401 1940 sa
416 1879 564 1958 quosdam
581 1878 826 1960 praedestinavit
841 1877 880 1940 ad
894 1876 1040 1957 gloriam,
1058 1875 1196 1957 reliquos
1211 1875 1250 1940 ed
1265 1892 1411 1959 poenam:
1428 1875 1496 1942 illis

311 1988 313 1991 ’
367 1965 474 2030 omnia
491 1966 880 2047 aequaliter-imputantur
902 1965 937 2028 in
952 1965 1081 2037 bouum,
1104 1965 1175 2029 istis
1190 1967 1298 2030 urania
1320 1963 1495 2048 aequaliter

160 2062 186 2128 at
200 2059 284 2131 liujus
300 2058 345 2115 lib.
370 2053 403 2117 in
419 2055 550 2120 malum.
575 2043 761 2138 systematis
775 2053 947 2137 perniciem
963 2052 1040 2117 alias
1055 2071 1279 2137 persequemur
1294 2051 1338 2133 2);
1360 2071 1445 2119 nunc
1460 2074 1495 2119 a·

123 2137 232 2193 vitxll.

371 2141 609 2207 nimadvertisse
624 2143 769 2217 sufficiat,
786 2143 964 2206 subversam
979 2159 1046 2206 esse
1061 2160 1079 2206 a
1095 2143 1346 2211 Protestantibus
1362 2144 1495 2208 morali-

373 2230 446 2296 tatis
461 2235 494 2296 et
510 2231 733 2312 imputationis
748 2230 979 2305 oeconomiam,
1005 2235 1099 2313 atque
1114 2231 1149 2299 in
1164 2233 1413 2316 disperationem
1425 2249 1495 2296 om-

372 2319 522 2402 niumque
538 2321 687 2407 vitiorum
703 2338 819 2402 genera
835 2324 953 2396 actum,
967 2320 1088 2384 iactura
1104 2319 1315 2403 irreparabili,
1327 2338 1425 2402 genus
1435 2320 1495 2385 bu·

372 2425 513 2472 manum.
530 2410 682 2485 Ecclesia,
697 2410 731 2477 in
744 2409 883 2474 comitiis
893 2408 1099 2482 Tridentinis,
1117 2409 1318 2477 anathemate
1337 2408 1495 2492 perstrin-

371 2497 472 2577 gendo
489 2503 674 2565 novatorum
687 2497 939 2580 perversitatem,
955 2498 1089 2562 liberum
1102 2496 1239 2564 bominis
1250 2499 1428 2574 arbitrium,
1441 2496 1494 2561 cui

372 2589 439 2650 tota
450 2589 676 2668 superstruitur
683 2587 825 2652 civilium
836 2592 869 2653 et
880 2586 1047 2651 moralium
1057 2586 1297 2668 discipliuamm
1312 2603 1492 2671 compages,

369 2675 498 2755 provide
514 2681 607 2758 atquc
624 2677 741 2743 invicte
756 2677 904 2742 tuebatur
920 2673 970 2761 (b).
1487 2746 1491 2754 ,

458 2765 534 2830 XX.
547 2767 632 2848 Ergo
643 2765 808 2840 virtutum,
819 2764 1031 2849 vitiorumque
1041 2764 1237 2840 discrimina,
1247 2766 1368 2849 species
1379 2770 1413 2832 et
1423 2783 1495 2848 gra·

370 2849 440 2925 dus,
460 2859 571 2919 natura
587 2855 654 2938 ipsa
670 2853 849 2919 constituit:
867 2871 907 2918 ex
920 2871 982 2937 qua
996 2853 1159 2920 actionum
1174 2855 1339 2933 varietate,
1365 2855 1495 2920 morali·

370 2939 445 3003 tatis
461 2947 556 3024 atque
572 2943 792 3026 imputationis
808 2942 943 3008 varietas
956 2943 1226 3028 proficiscebatur.
1249 2943 1422 3026 imputatio
1437 2961 1494 3008 au-

371 3032 436 3093 tem
451 3033 614 3112 sequentia
628 3032 864 3113 complectitur.

462 3119 555 3186 XXl.
576 3120 608 3187 1.
626 3121 808 3200 Imperator
822 3121 903 3186 actio
918 3123 1003 3204 ipso,
1018 3141 1090 3188 cum
1104 3139 1165 3186 suu
1179 3137 1347 3188 srsorrrca
1370 3121 1418 3185 ool
1434 3137 1495 3186 ru-

372 3223 498 3274 uunrca
509 3210 699 3276 moralitatis
714 3211 1014 3293 quantitatemque
1027 3214 1367 3296 marcommannas
1386 3216 1414 3274 ct
1425 3226 1494 3275 crn-

372 3299 768 3366 cuusrarvrnsMoralitas
783 3301 923 3383 specifica
934 3301 1045 3364 eadem
1057 3307 1103 3366 est
1114 3301 1187 3364 siin
1198 3302 1307 3365 eadem
1318 3297 1494 3380 specie‚sed

374 3384 469 3448 variis
484 3387 645 3466 gradibus,
663 3387 878 3468 contiueatum
895 3388 1062 3458 moralitas
1073 3406 1148 3454 vero
1164 3390 1328 3454 cummim
1340 3391 1428 3454 tauta
1442 3388 1494 3450 est

452 3599 490 3676 (al
506 3603 703 3673 Protestaatee,
725 3601 889 3675 quaudoque
903 3601 1042 3659 reformati
1060 3601 1105 3659 'vel
1120 3601 1312 3663 reformatores
1331 3595 1401 3664 dicti
1410 3611 1488 3676 sunt,

375 3676 422 3731 sad
439 3678 527 3748 potius
541 3675 648 3733 dicendi
661 3683 721 3734 erat
734 3675 931 3753 reformandi.
943 3677 1057 3752 Revera,
1070 3679 1205 3736 Lutberus
1219 3681 1382 3740 reformatur
1401 3679 1493 3738 aCal·

376 3751 1492 3890 tutabatlttttttl·dttlttlttlbtltalltlttttt

376 3902 459 3962 veluti
474 3905 610 3975 integram
622 3909 704 3975 atqua
719 3903 944 3961 irreformabilem
958 3845 1084 3975 sigipirc.
1108 3907 1151 3964 Uti
1164 3906 1293 3964 mulieres
1316 3907 1430 3978 capillos
1443 3915 1493 3964 aut

377 3985 479 4052 vestes,
494 3981 528 4035 ita
539 3978 725 4036 Protestantes
740 3979 865 4052 religiosa
879 3977 1009 4051 dogmata
1023 3981 1065 4037 vel
1078 3982 1146 4038 ritus
1159 3983 1306 4039 reformare
1316 3983 1435 4056 quotidie
1447 3982 1491 4038 vel

376 4051 549 4187 {mungilito
564 4056 589 4111 in
604 4053 725 4167 moribus
739 4053 974 4128 habentQuotidic
988 4071 1054 4129 ergo
1069 4057 1261 4115 reformatores
1273 4063 1302 4116 et
1314 4058 1430 4130 quotidie
1445 4073 1491 4116 re-

454 4204 489 4279 p)
504 4167 1169 4281 israelitaruman,conuocavvso,sess.v1
1182 4206 1217 4264 ae
1230 4209 1383 4282 vairpan.
1398 4209 1422 4280 v,
1438 4209 1493 4266 vrv-

376 4279 472 4336 berum
493 4280 634 4338 arbitrium
649 4282 758 4338 minime
772 4283 932 4342 extinctum.
954 4282 1055 4338 viribus
1066 4281 1130 4338 lieet
1149 4288 1318 4341 attenuatam
1338 4290 1366 4340 ct
1379 4281 1492 4341 inclina-

377 4362 446 4426 tum,
462 4378 473 4408 v
493 4357 625 4427 decrevit,
640 4371 701 4412 can.
721 4358 751 4415 V.
767 4356 890 4414 eiusdem
905 4357 1044 4414 sessionis:
1061 4378 1071 4408 v
1081 4357 1108 4414 si
1118 4359 1180 4432 quis
1193 4359 1308 4416 liberum
1320 4357 1435 4414 hominis
1446 4373 1494 4415 ar·

376 4429 496 4506 bitrium,
515 4440 577 4504 post
587 4432 661 4489 Adae
672 4439 827 4505 peccatum,
840 4432 971 4488 amissum
982 4439 1009 4490 et
1020 4434 1171 4491 extinctum
1181 4450 1242 4492 esse
1252 4433 1361 4504 dixerit,
1375 4438 1422 4490 aut
1432 4447 1492 4490 rem

377 4522 439 4565 esse
456 4507 493 4564 de
507 4507 566 4565 solo
580 4507 669 4580 vitulo,
686 4507 739 4564 irno
753 4507 862 4564 titulum
877 4507 935 4564 siae
947 4522 989 4582 re,
1005 4511 1165 4581 figmeatum
1178 4508 1323 4582 deniquae
1336 4511 1436 4566 sauna
1450 4509 1492 4566 iu·

377 4582 489 4642 ductum
504 4585 531 4642 iu
545 4584 695 4642 Ecclesiam
711 4583 796 4658 (patae
810 4585 1007 4660 affirmabunt
1019 4584 1241 4658 Protesluntesl;
1255 4584 1398 4644 anathema
1412 4585 1457 4642 sit.
1478 4605 1488 4637 l
