3222 5282
426 319 485 374 xiv

377 488 430 535 mo
446 478 542 554 atque
556 470 794 553 expertissimo:
807 493 824 534 a
842 473 1019 542 Temeritas
1032 490 1105 540 oum
1119 473 1275 557 sapientia
1291 491 1354 547 uon
1370 474 1512 542 commi-

155 585 179 658 rt
201 586 272 660 cte,
288 583 353 641 Cor.
376 579 483 640 seetur
500 573 542 658 1).
562 597 580 638 a

132 663 211 720 Mai.

464 680 559 746 Hisne
572 682 792 763 praemonitis,
808 683 885 748 dum
900 681 979 748 nihil
996 681 1247 765 inconspectum
1271 687 1409 748 uestrum
1425 684 1511 752 affe-

375 787 520 864 rendum,
538 787 621 870 quod
637 805 702 852 nou
718 796 800 854 esset
815 789 921 855 labore
936 794 970 855 et
977 789 1115 871 'ingenio
1133 787 1322 872 perfeetum,
1337 807 1462 858 meeum
1477 792 1509 856 i-

376 908 433 972 pse
447 896 632 968 statueram3
655 910 712 958 uec
729 911 796 958 esse
811 895 983 977 quidquam
1001 893 1146 960 omnium
1162 893 1346 959 festinatum
1359 894 1458 960 simul
1474 901 1513 963 et

377 993 610 1086 examinatum,
628 996 678 1062 vel
693 998 776 1080 quod
793 996 908 1064 babeat
923 1002 957 1063 et
971 997 1094 1063 laudem
1113 995 1299 1081 diligentiae
1319 1003 1352 1063 et
1367 1001 1510 1080 gratiam

245 1136 248 1143 -
375 1099 562 1177 celeritatis3
578 1099 640 1166 boe
656 1107 776 1179 tamen,
797 1121 862 1168 nou
878 1121 967 1186 opus,
984 1104 1039 1170 sed
1057 1123 1116 1188 pro
1135 1109 1316 1186 temporum
1334 1104 1506 1190 angustiis,

378 1203 446 1270 vir(
442 1220 564 1270 summa
576 1207 684 1289 operis
695 1205 789 1274 dueta
801 1208 1006 1286 lineamenta,
1020 1209 1195 1274 emanibus
1206 1208 1287 1273 eiabi
1300 1225 1407 1290 pessus
1419 1229 1508 1276 sum.

377 1306 466 1390 Quae
478 1316 584 1377 tamen
597 1330 655 1377 nee
667 1314 799 1378 omnino
816 1315 885 1381 fore
897 1315 1037 1391 inutilia,
1055 1315 1160 1400 aliqua
1175 1313 1303 1379 reficior
1318 1331 1386 1397 spe,
1407 1333 1510 1397 quum

376 1415 462 1482 hisee
474 1417 570 1484 veluti
582 1420 680 1502 signis
691 1419 817 1486 tirmior
827 1421 908 1505 apud
914 1420 980 1487 Vos
989 1439 1101 1486 eorum
1113 1425 1238 1486 constet
1247 1421 1415 1494 memorie,
1423 1440 1510 1503 quae

376 1543 436 1590 uox
450 1523 558 1590 attulit
574 1509 831 1610 uberiora'atque
846 1525 1015 1608 ampliora3
1029 1543 1129 1608 eaque
1145 1530 1213 1590 tum
1222 1529 1366 1601 daturae,
1378 1529 1446 1590 tum
1459 1527 1511 1591 ei·

375 1629 483 1696 vitatis
495 1629 699 1696 fundamenta
711 1630 745 1694 iu
758 1635 962 1713 conspectum
975 1631 1270 1711 adducantur,quae
1282 1631 1399 1694 nostris
1410 1645 1510 1714 prae-

375 1736 485 1803 sertim
498 1736 703 1819 temporibus
718 1731 792 1802 bine
804 1742 900 1819 atque
909 1736 985 1802 iude
996 1733 1227 1818 pertrabuntur
1238 1751 1256 1796 a
1267 1734 1422 1817 pluribus,
1437 1755 1507 1801 non

377 1845 428 1904 sat
442 1844 608 1922 perspecto
624 1841 694 1904 viae
710 1840 799 1906 exitu
817 1839 864 1906 vei
880 1839 1047 1921 magistro.
1065 1835 1143 1902 Cum
1155 1855 1208 1902 res
1219 1837 1297 1902 adeo
1310 1839 1508 1922 amplissima

377 1949 412 2009 et
426 1943 624 2026 gravissima,
640 1963 703 2010 uno
715 1949 840 2010 tantum
850 1961 936 2009 anno
949 1948 1033 2008 esset
1043 1943 1272 2017 concludenda,
1282 1944 1436 2008 scientiae
1446 1962 1508 2027 po-

380 2048 445 2114 tius
457 2049 676 2132 sardonensis,
688 2066 782 2132 quam
794 2049 919 2131 singula
931 2050 999 2114 eius
1011 2049 1129 2130 capita,
1145 2064 1185 2112 ne
1199 2048 1280 2113 nibil
1293 2065 1421 2130 agerem
1434 2049 1510 2131 piu-

379 2156 462 2221 rima
477 2154 672 2238 eomplexus,
696 2153 856 2237 seligenda
878 2155 960 2220 mibi
981 2155 1047 2222 risa
1062 2159 1135 2219 suut
1156 2158 1251 2236 atque
1267 2153 1505 2219 constituenda.

381 2262 461 2326 Tum
483 2257 537 2325 illa
554 2260 820 2326 obversabantur:
840 2261 1017 2327 «Litterae
1031 2261 1196 2326 discuntur
1211 2258 1317 2334 facile,
1343 2260 1419 2325 siet
1436 2264 1512 2325 tan·

382 2374 452 2434 tum
467 2385 582 2442 sumas,
601 2370 754 2451 quantum
773 2385 852 2449 opus
866 2367 920 2441 sit,
938 2371 1075 2433 etseras
1090 2383 1161 2431 rrsa
1179 2382 1286 2430 arram
1298 2381 1447 2430 nascens:
1461 2366 1511 2432 ita

382 2479 417 2539 ut
433 2472 537 2538 ianilis
548 2489 622 2534 usus
637 2471 816 2536 doctrinam
833 2471 1013 2546 confirmet,
1031 2469 1201 2534 mediocris
1218 2485 1314 2552 opera
1331 2468 1506 2546 tribuatur,

160 2596 186 2670 2)
206 2598 305 2670 nram.²
321 2595 358 2653 ae
381 2578 548 2654 memoria,
565 2577 766 2659 studiumque
782 2581 967 2658 permaneat
982 2574 1027 2662 2).
1047 2598 1065 2639 »
1153 2593 1156 2599 ·

135 2675 298 2740 Ονα1.,ΙΙΙ,

485 2681 553 2747 Vos
575 2681 695 2764 itaque,
716 2681 833 2746 iterum
848 2701 938 2764 rogo,
956 2698 1017 2765 qua
1038 2681 1204 2764 meipsum,
1223 2696 1354 2742 romana
1370 2679 1507 2755 seilicet,

379 2788 548 2872 excepistis
559 2785 778 2852 benevolentia
790 2793 822 2853 et
833 2787 1051 2862 humanitate,
1071 2785 1150 2850 baec
1161 2801 1285 2867 quoque
1296 2785 1445 2867 suscipite
1457 2787 1510 2849 in·

379 2894 493 2961 eboata
506 2892 679 2975 principia,
693 2910 861 2975 rerumque
869 2893 1004 2967 semina,
1013 2907 1109 2974 parva
1122 2891 1250 2974 quidam
1263 2907 1345 2953 nuno
1356 2917 1364 2962 ·,
1374 2890 1427 2952 sed
1440 2907 1509 2953 ma-

381 2997 462 3062 ximi
478 2997 512 3061 in
524 3015 578 3065 roe
590 2995 707 3063 amoris
723 3001 817 3082 atque
832 2996 977 3080 obsequii
993 2998 1190 3077 argumenta,
1209 2993 1297 3068 alias,
1312 2983 1337 3056 s'i
1355 2994 1438 3057 Deus
1453 2993 1510 3059 de-

381 3101 477 3177 derit,
491 3097 631 3184 a'capite
646 3102 846 3168 resumenda.

687 3315 844 3380 Karana.
865 3316 1011 3380 bueusr.
1030 3323 1196 3375 uncccau.
