3228 5280
588 286 799 338 rrrurnsnv.
1126 267 1191 334 339

123 439 251 501 nentur.
261 432 383 498 Deinde
399 432 535 514 publica,
553 450 613 515 pro
629 435 715 499 vario
727 433 971 502 consociationis
981 432 1080 518 gradu
1094 437 1127 500 et
1141 451 1237 516 gene-

124 542 172 588 re.
183 524 265 591 Nam
281 529 329 588 est
339 522 575 604 patriarchalis,
586 541 640 588 seu
652 523 845 589 familiarum
856 525 1041 590 coniunctio
1053 524 1110 588 sub
1122 541 1237 606 magno

122 611 220 679 veluti
235 616 393 695 paire3est
404 613 608 693 hyperbolico,
619 612 685 678 sive
696 615 831 696 plurium
839 615 1028 680 societatum
1040 613 1233 694 coniunctio,

120 718 201 784 quae
216 717 289 765 curn
301 701 429 784 proprio
446 700 533 766 civili
548 700 617 765 iure
631 706 773 778 utantur,
791 704 983 768 extrinsecus
999 707 1105 769 tamen
1122 703 1156 766 in
1172 721 1236 768 uno

122 789 293 873 politicoet
303 789 533 856 nationaliiure
541 797 813 872 coagmentantum
822 797 869 857 est
878 792 1004 858 demum
1013 792 1151 874 perlecta
1164 811 1238 875 pens

122 879 170 946 vel
186 880 285 954 nmio,
296 897 359 944 uno
374 879 459 944 civili
474 884 507 945 et
521 879 653 962 politico
665 881 733 946 iure
744 881 935 946 consociata.
950 883 1010 950 Sed
1023 899 1123 966 neque
1134 881 1188 946 bic
1199 883 1238 947 fl-

122 969 185 1044 nis,
202 985 274 1032 cum
290 968 326 1032 in
342 969 547 1043 etlrnorclrico,
565 969 680 1035 sivein
703 987 765 1035 una
780 970 925 1037 omnium
939 971 1078 1045 urbium,
1097 971 1144 1036 vel
1162 989 1238 1054 gen-

123 1059 218 1132 tiam,
236 1057 287 1122 vel
302 1057 467 1124 nationum
483 1058 646 1133 societate,
665 1063 788 1136 natura,
798 1059 972 1134 affectibus,
983 1059 1175 1126 utilitatibus
1190 1062 1238 1126 rel

122 1146 361 1213 necessitatibus
372 1147 541 1229 colligatur
552 1165 649 1230 genus
664 1149 937 1215 numanumiiaec
948 1150 1001 1214 illa
1014 1149 1096 1214 orbis
1107 1151 1239 1216 societas

4 1248 5 1251 ’
122 1236 299 1318 Augustino
308 1235 404 1302 dicta:
414 1236 448 1300 in
457 1255 518 1319 qua
530 1237 604 1304 dum
614 1243 811 1320 gentesquae
822 1239 967 1320 gentibus
982 1239 1238 1314 accedunt,suam

119 1324 385 1408 nequeunitutem
394 1343 494 1408 neque
502 1326 718 1391 autonomiam
726 1325 1239 1401 deserant,intornationalibusoi-

0 1472 1 1483 ,
121 1415 205 1480 liciis
221 1419 254 1479 et
264 1415 382 1478 iuribus
394 1413 665 1493 coutantur.Quae
677 1414 775 1496 igitur
786 1416 825 1479 da
837 1416 957 1480 iuribus
966 1421 999 1480 et
1010 1415 1121 1480 officiis
1132 1414 1240 1480 hacte-

123 1521 182 1568 nus
196 1502 355 1584 disputata
364 1502 639 1585 sunt,ampliorem
648 1503 952 1585 hicatqueultimam
964 1505 1091 1569 demum
1103 1505 1240 1586 applica-

2 1593 10 1648 i
122 1593 245 1659 tionem
260 1591 431 1674 accipiunt.
445 1592 566 1658 Natura
582 1610 694 1675 nempe
708 1593 776 1674 ipsa
792 1593 937 1674 gentibus
952 1593 1106 1659 iustitiam
1121 1594 1239 1658 consti-

123 1682 199 1756 tuit,
213 1686 250 1746 ut
264 1681 312 1746 ius
326 1681 369 1746 sit
383 1681 527 1763 gentium
538 1683 850 1763 necessariumatque
859 1681 1048 1759 absolutum·
1058 1682 1131 1757 alia,
1142 1683 1190 1748 uti
1202 1681 1236 1747 in

121 1769 322 1836 commerciis
334 1771 534 1852 pluribusque
547 1770 763 1848 relationibus,
784 1771 880 1834 libera
892 1771 1035 1856 reliquit,
1053 1776 1089 1836 ut
1103 1771 1145 1836 sit
1160 1791 1238 1854 quo·

5 1917 9 1929 .
120 1877 183 1944 que
191 1860 393 1941 intergentes
404 1859 453 1924 ius
461 1859 676 1923 uoluntarium
684 1860 918 1925 etliberumdix
929 1866 1062 1943 utroque
1070 1879 1176 1925 rerum
1185 1879 1239 1943 ge-

5 1944 9 1960 '
122 1949 243 2014 ueredt
253 1948 330 2012 illud
342 1947 390 2013 ius
401 1948 556 2030 gentium,
566 1966 628 2029 quo
639 1965 753 2030 nempe
761 1957 864 2031 pectes
875 1950 1236 2031 adpenlesordinontur.

209 2037 254 2103 ΙΙ.
272 2037 309 2108 ln
322 2036 530 2102 ethnarchica·
537 2037 702 2110 societate,
715 2037 817 2119 prima
829 2055 862 2102 sc
874 2036 968 2104 offert
978 2039 1121 2121 quaestio
1132 2040 1171 2104 da
1184 2057 1239 2104 no-

1 2123 2 2130 ’
119 2125 313 2200 tionalitate,
331 2144 411 2208 quae
426 2125 592 2190 nationum
604 2126 735 2209 respicit
749 2128 868 2194 limites
880 2132 913 2192 et
924 2127 1068 2212 physicas
1083 2128 1239 2194 constitu-

120 2217 235 2281 tiones.
250 2214 342 2294 Quod
359 2216 445 2279 enim
461 2215 552 2279 aiunt
568 2216 724 2290 nonnulli,
740 2217 884 2282 nationes
895 2217 1156 2282 discriminandas
1168 2236 1236 2282 esse

1 2311 7 2359 .’
121 2323 162 2368 ex
173 2304 302 2385 linguis,
321 2304 399 2370 locis
414 2304 462 2368 vel
475 2304 626 2381 moribus,
646 2324 709 2370 non
726 2322 876 2388 negamus
890 2306 1029 2389 aliquam
1044 2306 1236 2387 speculative

0 2397 1 2400 ’
118 2394 234 2458 babere
250 2392 507 2458 rationabilitatis
522 2393 671 2474 spaciem;
689 2394 953 2476 quemadmodum
968 2413 1026 2459 nec
1042 2395 1173 2460 absurde
1184 2414 1236 2460 ae-

1 2491 2 2498 ’
118 2481 330 2564 quabiliorem
341 2482 398 2546 alii
410 2481 819 2562 diligereniproprietatum
832 2483 1053 2563 partitionem.
1064 2483 1126 2548 Sed
1137 2503 1235 2567 quum

0 2571 1 2576 ’
119 2587 184 2635 non
200 2570 265 2634 iam
281 2571 491 2654 possibilium,
509 2569 557 2635 vel
572 2570 715 2634 idearum
729 2571 896 2645 limitibus,
914 2571 967 2635 sed
983 2573 1141 2636 concretis
1157 2574 1236 2639 iuri-

119 2660 176 2724 bus
189 2663 222 2725 at
233 2659 326 2732 iactis
337 2660 471 2725 mundus
482 2657 696 2733 contineatur,
707 2677 865 2743 quumque
877 2660 1055 2741 pmprietas
1066 2660 1137 2725 lixis
1145 2661 1187 2726 sit
1196 2663 1236 2727 li-

116 2748 246 2816 mitibus
255 2750 605 2832 conscripta-nunquam
615 2747 843 2824 subvertendis,
853 2748 930 2830 quin
939 2748 1072 2814 societas
1083 2749 1153 2831 ipsa
1164 2751 1236 2814 sub·

117 2841 267 2913 vertutum
282 2839 327 2902 sic
339 2842 372 2904 ct
386 2836 576 2905 censendum
589 2837 628 2900 de
644 2836 930 2903 nationalitatibus.
941 2838 1048 2920 thue
1059 2839 1237 2921 proprieta-
1295 2887 1301 2903 ,

0 2968 1 2973 κ
117 2925 158 2990 tis
173 2927 443 3008 comparationem
460 2943 698 3008 prosequamur,
716 2926 798 2990 sicut
813 2926 847 2990 in
863 2927 1112 3008 proprietatibus
1128 2927 1168 2992 ad
1184 2945 1236 2992 ae-

0 3049 2 3054 >
115 3015 325 3096 quabiliorem
341 3015 487 3080 ordinem
500 3014 700 3088 reducendis,
720 3016 851 3080 scroads
867 3015 990 3080 iuribus
1006 3017 1178 3098 acquisitis,
1196 3017 1236 3080 li-

114 3105 214 3170 citum
229 3109 278 3169 est
292 3105 438 3170 omnibus
453 3104 487 3167 in
503 3103 663 3168 communi
678 3121 779 3185 agone
790 3103 994 3180 contendere;
1005 3106 1051 3170 sic
1064 3123 1126 3170 non
1140 3122 1235 3187 nego-

115 3212 195 3271 mus,
215 3211 306 3274 posse
323 3209 402 3259 nova
417 3197 573 3273 tempora,
591 3193 681 3264 modo
704 3193 872 3258 constituta
890 3194 966 3258 iura
982 3203 1157 3269 secentur,
1176 3213 1234 3258 no·

113 3301 187 3346 rum
204 3282 384 3347 nationibus
399 3281 545 3352 ordinem
557 3279 683 3345 afferre.
698 3281 758 3347 Sed
771 3299 920 3348 novarum
932 3284 1017 3366 ipsos
1030 3282 1234 3348 nationalita-
1273 3355 1279 3370 ,

1 3413 2 3426 2
113 3377 183 3435 tum
198 3376 347 3452 patronos
363 3370 482 3433 iudices
498 3369 652 3446 volumus,
667 3385 706 3433 an
724 3371 757 3434 in
775 3371 964 3437 constitutos
976 3371 1075 3436 modo
1092 3371 1234 3436 nationa-

114 3460 220 3525 litates
235 3458 390 3524 violenter
405 3458 609 3539 insurgendo,
626 3463 721 3540 atque
736 3460 806 3525 illas
822 3461 962 3542 apriori
977 3460 1161 3535 reficiendo,
1177 3478 1234 3543 par

113 3566 177 3614 non
189 3548 622 3631 sequaturcommunistarum
634 3548 683 3611 ius
696 3549 904 3632 proprietates
915 3549 1073 3617 violenter
1079 3548 1235 3630 abrogan-

112 3638 158 3713 di,
171 3643 205 3710 et
219 3655 275 3702 suo
290 3637 361 3702 illos
375 3654 458 3720 penu
469 3635 647 3702 reficiendi.
657 3636 736 3702 Sunt
748 3655 861 3720 nempe
877 3638 947 3703 iura
960 3638 1006 3702 ita
1021 3637 1182 3720 colligata,
1198 3641 1234 3702 ut

112 3727 247 3810 abrupto
263 3727 378 3810 capite,
396 3726 503 3792 omnia
515 3725 737 3818 dissolvantur.
755 3726 888 3808 Quodsi,
905 3727 1089 3792 consulente
1106 3731 1230 3801 natura,

112 3820 145 3882 et
156 3817 387 3882 cirili-iubente
402 3816 618 3888 ordinatione,
630 3820 666 3882 ut
676 3821 764 3881 certa
779 3820 812 3881 ct
827 3821 896 3882 tuta
913 3817 1114 3881 efficerentur
1128 3816 1234 3898 priva-

111 3909 216 3970 torum
232 3906 387 3981 dominia,
405 3905 535 3971 inventa
550 3911 598 3970 est
612 3904 834 3988 praescriptio;
852 3905 939 3969 idem
955 3905 989 3969 in
1003 3906 1073 3971 iure
1088 3905 1230 3989 politico,

112 3995 226 4060 maiori
241 3995 450 4076 compellente
466 3994 664 4069 necessitate,
682 3995 880 4060 adiciendum
898 3999 958 4068 est,
977 4012 1018 4059 ne
1033 3995 1156 4060 incerta
1168 3995 1233 4060 sint

112 4083 259 4166 imperia,
277 4088 310 4146 ct
325 4082 466 4163 quotidie
483 4089 596 4149 nutent
610 4083 770 4148 societatis
785 4084 935 4166 politicae
950 4083 1171 4149 fundamenta.

208 4173 269 4237 lll.
289 4170 342 4237 Sic
357 4169 599 4236 definita-natio
614 4189 687 4236 cunr
704 4191 761 4239 suo
778 4174 972 4257 imperante,
991 4174 1076 4236 sedes
1099 4171 1149 4244 lit,
1167 4187 1232 4236 non

110 4261 251 4324 eremmon
266 4259 383 4322 iuriam
400 4275 479 4338 quae
494 4260 581 4323 inter
596 4264 705 4339 gaules
721 4263 933 4343 explicantur.
953 4259 1109 4325 Gentibus
1124 4258 1233 4340 itaque

110 4345 267 4430 praesidet
282 4347 331 4410 ius
346 4347 486 4411 naturale
502 4351 534 4411 at
551 4347 707 4420 divinum,
726 4355 817 4430 pacta
832 4347 1008 4415 rationalia
1033 4346 1230 4420 antecedens,

109 4453 207 4521 eaque
218 4436 349 4500 tirmans
360 4435 389 4499 vi
401 4451 467 4500 sua.
479 4434 579 4514 Finis,
592 4435 734 4502 iustitiae
748 4455 848 4514 amor,
861 4434 1012 4511 subsidia,
1032 4452 1092 4517 pax
1104 4453 1234 4500 servan·

110 4531 163 4606 do,
183 4527 310 4601 tuenda,
327 4525 551 4588 restaurando.
