3238 5282
573 323 817 377 rmuuusxvur.
1148 304 1215 372 atu

137 477 210 552 bus,
226 473 267 539 nd
283 471 364 539 nihil
386 473 526 538 teneturs
545 473 712 539 nonenim
731 489 771 538 ex
785 468 918 546 delicto,
942 486 999 536 nec
1020 469 1111 554 quasi
1126 467 1257 546 detictm

139 583 205 648 non
231 580 271 629 ex
286 565 453 630 contractu
468 559 517 626 vet
535 562 625 642 quasi
639 565 816 629 contractu:
834 563 986 642 tantaque
998 563 1047 625 est
1062 558 1165 625 bonae
1184 558 1260 624 tidei
1378 629 1386 632 ,

135 651 319 730 fflaacitas,
343 657 379 718 ut
395 669 412 710 n
429 649 628 716 tantumdem
651 650 826 736 possidenti
847 651 987 733 praestet
1007 652 1161 730 quantum
1177 647 1261 714 ueri·
1295 737 1320 811 η

136 741 285 808 tasi.»
1342 740 1375 796 L.
1395 740 1457 812 tta,
1476 740 1505 813 ii,

219 740 296 897 giss.
314 828 351 896 Si
362 844 436 894 uera
448 843 488 894 ex
499 824 622 893 alienae
633 829 681 894 ret
693 828 743 894 vet
755 826 916 893 imotuum
926 824 1183 909 consumptione,
1197 823 1262 891 suis
1277 812 1326 872 tib.
1345 818 1393 891 ⁵⁰2
1406 823 1428 873 ί·
1448 814 1492 873 ¹⁷·

139 919 315 1004 parcendo,
331 915 432 984 ditior
442 916 545 984 iactus
558 917 614 992 sit,
629 934 670 984 ex
684 916 799 985 Grotio
814 917 948 999 aliisque
959 915 1158 982 tantumdem
1170 918 1261 980 natu-

136 1008 201 1073 rali
217 1007 287 1072 iure
301 1005 489 1080 restituat«
504 1023 601 1088 quum
616 1005 804 1089 locupletari
815 1024 880 1071 nnn
888 1005 1001 1071 debeat
1012 997 1127 1087 aliquis
1137 1021 1211 1070 cum
1217 1005 1261 1070 al·

139 1096 241 1164 terius
252 1095 370 1161 iniuria
381 1099 415 1160 et
427 1095 547 1163 iactura
563 1093 607 1178 2).
620 1117 638 1158 a
651 1095 788 1178 Legibus
798 1100 906 1161 tamen
918 1094 1185 1177 quemadmodum
1192 1110 1260 1168 rem
1283 1094 1505 1181 strepitur..

137 1203 214 1250 aum
225 1185 381 1252 fructibus
392 1182 661 1266 percipiendisvet
672 1181 1123 1268 extantibustraderecogitur,
1137 1183 1263 1266 itaper·
1282 1187 1308 1230 Μ
1320 1173 1348 1230 ⁶·

136 1278 249 1358 ceptae
262 1278 297 1339 et
308 1272 497 1357 praesertim
510 1277 713 1355 consumptos
724 1279 800 1339 ante
815 1273 903 1339 titem
914 1276 1139 1349 contestatam,
1152 1271 1261 1338 iorsan

135 1361 399 1446 praescriptionis
413 1362 560 1443 eiemplo
574 1363 660 1428 etad
676 1361 818 1429 vitandas
834 1361 919 1437 lites,
936 1359 1015 1427 iacit
1025 1378 1098 1428 suos
1109 1359 1163 1448 (a).
1176 1360 1263 1428 Dum

139 1457 250 1517 autem
256 1467 411 1534 expensae
422 1451 618 1517 necessariae
630 1450 679 1517 iet
686 1452 779 1516 atiies
790 1450 852 1533 ipsi
860 1450 1029 1527 debentur,
1039 1449 1263 1533 ootopsoorte-

139 1539 614 1695 tuttttttt‘ttttt‘t
626 1539 890 1712 stitutus
898 1537 1263 1710 citissimis

405 1675 415 1704 9
1083 1674 1092 1705 i

140 1735 180 1782 ac
195 1717 330 1800 picturis
344 1722 491 1784 ornatam
502 1734 706 1799 recuperare.
720 1737 725 1752 ·
823 1771 831 1781 .

227 1805 321 1872 xsst:
331 1806 435 1874 Maiae
445 1805 688 1890 fidei-possessor
698 1806 809 1874 itteest
819 1805 875 1888 qui
887 1823 957 1872 rem
967 1804 1107 1872 alienam
1119 1803 1263 1873 veiiniu·

134 1894 330 1978 resuscipis,
348 1895 398 1962 uei
412 1894 494 1961 iuste
508 1900 672 1979 acceptam
691 1895 810 1962 iniuste
823 1895 961 1962 detinet.
978 1894 1153 1962 Pessimsm
1168 1893 1263 1959 huius

135 1983 358 2049 conditionem
374 1983 454 2050 iacit
463 1983 582 2056 iniuria
593 2002 688 2066 quarn
700 1983 832 2050 domino
847 1983 971 2065 intulit,
985 1999 1143 2069 quamque
1157 1981 1263 2048 omni·

136 2071 233 2137 mode
248 2073 403 2138 resarcire
418 2077 560 2139 tenetur.
577 2073 661 2138 Hinc

228 2158 320 2227 XIV.
339 2161 372 2227 1.
386 2161 547 2228 Restitunt
563 2179 634 2227 rem
649 2161 764 2246 ipsam,
780 2161 808 2226 si
823 2165 924 2229 extet:
942 2162 1020 2232 ticet
1033 2177 1109 2228 casu
1122 2161 1171 2228 vel
1185 2159 1263 2225 stie-

116 2265 121 2271 ·
137 2265 181 2314 na
195 2248 314 2315 iniuria
327 2249 410 2335 apud
425 2249 591 2316 dominum
604 2251 717 2317 inisset
731 2252 887 2333 peritura.
905 2250 1035 2320 Servata
1045 2251 1160 2316 enims
1172 2248 1262 2316 dem-

135 2337 213 2412 mis,
230 2355 249 2402 a
264 2338 443 2420 managio,
461 2340 509 2406 sei
525 2339 589 2404 alio
601 2340 757 2422 pericula,
774 2341 905 2406 dominu
916 2342 1095 2416 servantum
1113 2338 1262 2404 neminie

136 2426 269 2492 tertiari
283 2427 509 2514 impunitatem
524 2426 630 2504 affert,
650 2447 707 2494 suo
722 2446 757 2494 se
770 2430 888 2496 scetere
908 2429 1040 2497 atterius
1056 2428 1156 2495 scetus
1171 2432 1264 2496 ante·

121 2515 285 2582 uertisse.
1313 2535 1315 2540 ·

229 2605 264 2670 2.
278 2603 390 2674 Sinon
406 2608 507 2681 extet,
527 2604 639 2673 reddet
655 2604 809 2688 pretium,
827 2606 889 2672 etsi
904 2606 992 2673 nulia
1009 2621 1066 2672 sua
1080 2605 1194 2672 traude
1207 2609 1263 2671 aut

137 2690 232 2776 culpa
247 2694 394 2774 perierit:
411 2711 486 2759 narn
501 2711 645 2760 morosus
660 2698 694 2761 et
707 2694 837 2779 iniquus
850 2695 1001 2762 detentor
1012 2713 1108 2761 omne
1118 2695 1152 2759 in
1164 2711 1199 2759 se
1213 2694 1262 2758 rei

137 2780 317 2864 perieulum
330 2781 477 2865 suscipit,
494 2782 587 2868 eique
601 2800 690 2850 casus
701 2783 829 2850 tartuiti
837 2782 1047 2868 imputantur.
1062 2783 1097 2852 Si
1108 2799 1263 2848 eamuen·

137 2869 234 2938 didit:
251 2872 300 2938 ret
311 2871 424 2937 eodem
439 2872 546 2955 pretio
557 2889 621 2953 quo
633 2872 782 2938 dominus
792 2872 997 2950 vendidisset,
1011 2872 1061 2941 vel
1072 2870 1203 2949 maiori,
1215 2870 1264 2937 aet

138 2959 272 3025 minori.
289 2960 323 3029 Si
338 2961 449 3028 eodem
461 2959 511 3026 vel
525 2961 655 3027 maiori:
672 2961 861 3028 tantundem
871 2960 1003 3029 damino
1013 2961 1137 3028 reddat.
1155 2959 1190 3029 Si
1201 2961 1264 3026 rni-

219 3132 261 3210 (αὶ
273 3136 445 3196 AitGrotius:
463 3156 476 3190 ι
490 3135 710 3210 spperstbome
723 3135 786 3196 fidoi
799 3151 988 3212 possessorem
997 3137 1088 3196 teneri
1102 3135 1138 3196 ad
1149 3135 1263 3194 restitu-

140 3210 244 3269 tionem
259 3216 288 3268 et
302 3213 341 3268 rei
355 3217 384 3270 et
396 3212 535 3273 fruetuum
556 3219 794 3289 consumptorum,
809 3215 832 3270 si
844 3213 926 3271 modo
937 3211 1006 3271 aiiss
1018 3227 1126 3286 qnoque
1139 3216 1263 3269 tentum·

140 3285 206 3344 dem
218 3294 434 3359 consumpturus
446 3287 544 3346 iuerat:
561 3304 623 3346 nam
640 3289 666 3346 in
680 3289 733 3346 hoc
750 3287 916 3360 locupletior
928 3294 1070 3345 censetur.
1082 3287 1127 3345 Sic
1135 3286 1263 3344 landetur

143 3361 219 3419 circs
233 3363 308 3426 initia
321 3363 425 3435 imperii
440 3363 470 3421 G.
486 3362 588 3421 Caesar
600 3363 735 3437 Caligula,
751 3363 824 3436 quod
837 3363 935 3437 quibus
948 3377 1034 3436 regns
1046 3362 1176 3436 restituit,
1185 3360 1262 3420 adie-

141 3436 180 3494 cit
194 3442 223 3496 et
235 3436 339 3496 tructus
353 3436 434 3495 medii
446 3441 598 3512 temporis»
613 3435 626 3514 t
633 3443 659 3496 Ι.
673 3443 710 3496 B.
725 3444 752 3496 et
766 3442 814 3506 1³,
828 3438 875 3496 lib.
891 3439 927 3512 11,
943 3453 969 3496 c.
988 3440 1033 3512 10,
1047 3444 1074 3505 ς.
1088 3438 1128 3508 5.)

222 3513 311 3586 Leges
323 3528 358 3570 ex
370 3511 496 3571 adverso:
514 3535 526 3566 α
542 3516 606 3572 Post
621 3513 897 3588 titemcontestatnm,
911 3510 1260 3572 etiamtrnctusvenieatin

140 3586 196 3645 hoc
210 3587 347 3650 iudicio...
362 3587 492 3647 Sadame
507 3588 635 3648 iudicium
649 3591 786 3662 percepti,
796 3587 1073 3648 nonomnimodohoo
1086 3589 1115 3648 in
1131 3587 1261 3647 iudicium

142 3663 263 3750 venient.
276 3667 332 3721 sut
344 3665 416 3722 enim
429 3663 500 3722 hona
514 3664 567 3722 tide
580 3666 715 3754 percepit,
730 3671 757 3722 at
772 3665 874 3723 lucrari
888 3680 952 3723 eum
965 3669 1085 3752 opertet,
1101 3665 1124 3722 si
1140 3677 1262 3722 eoscon-

144 3743 258 3872 itti.
271 3738 642 3886 attrectastis
654 3740 952 3887 ttcttttmt
965 3737 1260 3874 ininiitiit‘tii

143 3889 686 4032 discretiatusfisus
701 3897 826 4034 itit
839 3890 978 4026 stitit
991 3890 1180 4025 tritt·
1193 3888 1259 4022 tt·

224 4006 232 4021 ·
340 4006 580 4040 ··t·s·
689 3994 1260 4041 ·‘·r·sr·s··'·s

190 4039 238 4098 tib.
254 4043 290 4099 to
316 4046 339 4099 t.
357 4041 403 4098 ti.

144 4039 174 4113 π’
219 4083 353 4175 stadam
369 4122 483 4176 naturae
496 4115 538 4174 ius
550 4131 614 4175 num
627 4111 735 4190 tegibus
743 4121 953 4190 componentes,
967 4115 1005 4174 its
1014 4114 1219 4191 distinguimus.
1233 4115 1262 4172 Si

144 4203 203 4262 ras,
217 4189 289 4249 bonu
301 4191 355 4262 tide
363 4199 392 4250 et
404 4192 484 4251 tituto
493 4193 753 4266 gratuitoacquisite
761 4192 854 4264 inerit,
863 4205 1009 4264 possessor
1022 4207 1080 4250 rem
1090 4207 1154 4250 eum
1167 4190 1263 4250 tructi-

143 4265 196 4325 bus
209 4269 347 4339 restituet,
367 4282 400 4326 ea
412 4269 518 4327 ratione
531 4284 566 4326 ne
587 4284 620 4326 ex
634 4269 723 4326 alieno
736 4268 817 4327 ditior
830 4270 888 4326 tint:
903 4269 926 4325 si
938 4267 1020 4327 tituto
1032 4282 1160 4338 oneroso,
1174 4279 1262 4338 usqne

142 4340 178 4401 ad
193 4341 268 4400 iitom
281 4347 537 4418 contemnamque
547 4343 804 4418 cessatbonafides,
813 4343 922 4401 tructus
933 4344 987 4401 sint
998 4357 1048 4415 pro
1059 4342 1261 4415 pecuniaeasu.

145 4417 229 4480 Caius
242 4423 335 4476 autem
348 4418 473 4493 caligula
485 4419 614 4480 laudatus
628 4435 644 4478 a
657 4421 762 4494 Gratia,
779 4435 843 4477 anm
852 4418 986 4478 tractibus
998 4433 1086 4493 regna
1098 4417 1205 4487 direpta
1218 4427 1265 4472 re·

146 4491 276 4628 ειίῑιιῗὲς,
295 4508 383 4630 retgas
395 4494 466 4628 itpss,
485 4509 573 4572 nequa
586 4497 867 4572 eiuspreeaessores,
883 4494 969 4555 bouse
985 4493 1046 4556 idei
1060 4488 1265 4569 possessoribus

146 4583 215 4641 eoop
246 4583 268 4626 rr
282 4584 315 4642 po
345 4583 419 4629 ran.
