3224 5282
435 319 499 388 illd
878 334 1011 390 ursani.

478 482 584 551 xvii.
603 481 713 550 Fidem
727 481 809 549 hane
823 483 908 553 lnter
922 483 992 550 iura
1015 479 1248 556 recensendam,
1266 479 1379 564 quibus
1395 481 1512 546 burna-

390 593 431 642 na
445 573 566 655 regitur
581 577 703 648 natura,
720 573 760 638 bx
775 591 813 637 eo
828 577 927 656 patet,
944 572 1057 654 quoda
1071 575 1201 637 naturae
1211 569 1309 652 ipsius
1323 587 1448 637 summo
1464 572 1511 635 lc-

390 665 541 747 gislatore
555 661 676 744 prolata
690 661 745 737 sit,
763 666 796 726 et
815 662 850 727 in
873 667 1033 727 sacrorum
1054 660 1163 726 codice
1185 657 1352 740 descripta·
1370 659 1438 725 Soli
1455 677 1512 723 au·

391 760 457 819 tam
467 752 492 814 ii
504 750 590 815 illam
600 750 788 830 despiciunt,
798 752 852 832 qui
861 751 1047 818 rationalem
1057 747 1233 832 despiciunt
1243 749 1508 821 naturamNam,

389 840 503 924 duplex
513 857 608 922 quum
621 838 722 904 indita
737 844 818 904 esset
833 839 977 915 facultas,
991 839 1168 903 intellectus
1180 841 1213 905 ct
1225 836 1381 911 voluntas,
1397 837 1438 900 ab
1453 854 1512 900 au-

389 934 477 996 ctore
492 932 624 1009 utraque
638 927 773 1008 regenda
787 934 868 1005 erat,
883 946 923 994 ne
938 928 972 992 in
984 944 1132 1010 praeceps
1143 925 1256 991 abiret.
1271 923 1512 991 (tradendorum

391 1019 499 1103 itaque
512 1018 578 1098 lege
594 1015 715 1097 regitur
729 1016 918 1096 intellectus,
936 1018 1011 1082 dum
1027 1015 1217 1098 agendorum
1235 1013 1303 1095 lage
1314 1013 1514 1095 gubernatur

392 1106 545 1172 voluntas:
562 1104 644 1168 unde
654 1123 720 1170 non
737 1105 872 1181 vincula,
887 1106 941 1172 sed
956 1107 1024 1170 alae
1039 1110 1073 1170 et
1086 1103 1184 1169 robur
1198 1101 1364 1168 accedunt.
1376 1102 1462 1170 Nam
1474 1104 1514 1166 fi-

390 1195 444 1260 des
458 1194 577 1265 dicina,
594 1197 722 1257 aeterna
738 1194 936 1276 intelligendi
952 1199 1045 1279 atque
1060 1192 1199 1265 amandi,
1210 1208 1291 1273 quae
1307 1195 1457 1256 naturam
1469 1193 1515 1254 la·

390 1287 472 1358 tent,
490 1283 555 1346 vias
570 1286 603 1346 et
619 1281 799 1347 adiumenta
815 1283 988 1349 ministrat.
1006 1281 1065 1348 liei
1081 1279 1237 1362 magnalia
1249 1279 1347 1344 semel
1359 1281 1513 1362 ingressi,

391 1389 486 1455 quarn
500 1369 694 1445 extollimur,
711 1389 805 1454 quam
820 1373 967 1437 ardenter
980 1387 1087 1437 veram
1107 1368 1295 1452 sapientiem
1317 1369 1518 1452 concupisci-

392 1479 473 1538 mus,
497 1477 559 1542 quo
574 1459 719 1523 intimius
734 1465 767 1525 et
784 1460 900 1543 largius
921 1460 989 1526 iura
1008 1463 1041 1526 et
1060 1459 1162 1525 officia
1181 1457 1400 1540 perspicimus,
1418 1463 1518 1540 atquc

392 1549 426 1612 in
442 1549 519 1632 ipsis
535 1547 729 1612 naturalibus
744 1566 805 1630 qua
820 1549 967 1634 ampliori
981 1553 1014 1615 ct
1029 1546 1182 1613 securiori
1197 1546 1265 1612 luce
1276 1545 1515 1611 collustramur!

392 1639 459 1703 llac
473 1636 609 1711 ratione,
626 1636 703 1700 fides
725 1655 851 1702 omnem
871 1638 1052 1720 possibilem
1068 1641 1137 1702 tum
1152 1634 1421 1718 magnitudinem,
1447 1639 1518 1701 tum

392 1726 671 1809 pulchritudinem,
690 1724 834 1790 humanis
850 1727 1050 1793 facultatibus
1061 1726 1239 1799 conferens,
1253 1723 1519 1806 ipsaintetttgen-

393 1816 457 1880 tiae
472 1819 505 1879 et
520 1813 646 1880 virtutis
663 1812 772 1879 heroes
788 1815 890 1896 gignit
905 1833 942 1880 ac
954 1814 1091 1897 perlicit.
1101 1812 1256 1880 Omnibus
1267 1811 1374 1894 pervia
1387 1816 1422 1876 et
1438 1813 1519 1878 iaci-

394 1904 444 1978 lis,
461 1902 536 1966 darn
552 1905 722 1983 paucorum
743 1908 791 1968 est
805 1905 978 1970 scientifica
1000 1904 1188 1986 disquisitio,
1206 1904 1311 1982 longa,
1330 1901 1438 1965 exitus
1462 1919 1520 1964 an-

393 2008 476 2072 ceps,
494 1994 527 2054 et
541 1990 737 2070 perdiiicilis;
755 1992 810 2055 illa
825 1993 971 2058 omnibus
985 2011 1018 2057 se
1034 1993 1157 2074 pandit,
1173 2007 1283 2055 omues
1298 1989 1441 2070 colligit,
1456 1990 1522 2054 cri-

394 2079 453 2159 git,
472 2078 595 2160 implet.
612 2077 764 2143 Omnium
783 2081 889 2158 Pater,
906 2081 933 2146 si
950 2082 1102 2152 naturalia
1124 2097 1253 2144 munera
1278 2078 1367 2153 tiliis,
1386 2078 1522 2142 diversis

393 2167 503 2248 utique
517 2164 708 2248 ponderibus
723 2168 944 2249 elargiebatur,
963 2188 1019 2234 cur
1034 2187 1098 2233 non
1119 2168 1253 2252 aequali,
1271 2167 1311 2231 ad
1330 2172 1523 2249 supernatu-

394 2255 473 2318 ralia
490 2260 584 2337 atquc
599 2257 741 2331 aeterna,
759 2259 931 2339 capacitate
947 2258 1186 2324 condecoraret?

483 2343 605 2408 XVlll.
623 2344 705 2418 lmo,
723 2362 794 2409 cum
810 2346 871 2412 buc
885 2348 1131 2429 pervenerimus,
1149 2343 1300 2430 quoniam
1316 2341 1453 2408 moralis
1469 2363 1523 2409 or-

395 2431 478 2495 dinis
487 2431 648 2512 iastigium
660 2433 881 2514 pertingimus,
890 2453 930 2500 ex
942 2435 994 2499 illa
1006 2434 1204 2500 auctoritatis
1216 2432 1425 2508 sublimitate,
1438 2437 1524 2498 tem-

396 2537 473 2602 pora
491 2520 708 2595 sollicitamus,
724 2523 835 2603 quibus
849 2525 1034 2606 dispertitae
1049 2525 1193 2604 gentium
1209 2520 1364 2594 familiae,
1383 2539 1451 2584 uno
1468 2539 1524 2586 au-

395 2607 553 2673 ctoritatis
568 2608 649 2683 iure,
667 2614 762 2690 atque
777 2613 892 2676 amoris
912 2612 1037 2677 loedere
1052 2613 1299 2692 coniungantur.
1317 2607 1411 2673 Vana
1427 2612 1525 2692 quip-

394 2713 434 2778 pe
449 2695 642 2772 fraternitas,
661 2697 722 2761 nisi
737 2701 864 2764 tandem
879 2701 973 2766 Pater
993 2719 1073 2765 unns
1088 2700 1235 2782 imperet,
1253 2715 1334 2761 unus
1358 2697 1526 2778 legislator

396 2787 429 2848 et
445 2783 605 2864 magister,
623 2785 674 2849 cui
690 2804 798 2852 omnes
814 2787 1023 2872 obsequantur
1046 2794 1079 2854 et
1092 2792 1236 2869 pareant.
1254 2785 1309 2854 Sui
1334 2787 1526 2852 nationibus

395 2879 488 2938 erunt
496 2873 618 2937 codices
631 2878 662 2939 et
676 2874 842 2941 utilitates:
852 2879 905 2940 sed
914 2877 1046 2942 unitatis
1056 2877 1118 2951 lex,
1128 2893 1168 2940 ex
1179 2874 1354 2956 Evangelio
1364 2875 1522 2947 defluens,

395 2977 501 3025 mores
515 2961 691 3026 informans
702 2968 734 3029 et
750 2963 843 3028 corda
860 2964 1003 3028 cordibus
1015 2964 1191 3039 inflectens,
1205 2964 1300 3028 unico
1312 2963 1447 3028 tandem
1459 2965 1523 3029 iuri

394 3049 532 3130 publico,
550 3067 589 3115 ex
610 3050 733 3116 sincero
750 3057 880 3117 naturae
895 3057 928 3117 et
943 3052 1126 3118 Divinitatis
1142 3052 1212 3116 iure
1227 3051 1410 3131 desumpto,
1431 3070 1526 3135 para-

394 3143 443 3201 tas
457 3138 583 3203 efficiet.
601 3141 700 3213 Tunc,
718 3145 754 3204 ut
772 3140 914 3204 nationes
934 3141 1099 3222 plurimae,
1116 3146 1150 3206 et
1166 3141 1295 3221 plurimi
1316 3157 1429 3204 rerum
1445 3141 1527 3207 civi·

395 3225 474 3290 lium
490 3232 626 3292 rectores
641 3227 879 3310 permanebunt,
893 3246 990 3293 unum
1003 3233 1109 3295 tamen
1121 3228 1183 3293 erit
1198 3219 1246 3292 ius
1258 3229 1456 3309 animarum,
1470 3247 1527 3293 au-

394 3316 524 3380 ctoritas
542 3334 616 3391 una,
632 3331 712 3380 unus
727 3321 834 3398 pastor
849 3317 883 3380 in
900 3317 1005 3393 terris,
1024 3317 1107 3382 sicut
1122 3317 1155 3382 in
1170 3317 1267 3382 caelis
1282 3335 1363 3382 unus
1379 3324 1479 3399 pater
1494 3324 1526 3384 et

395 3402 490 3466 Deus.
844 3437 848 3445 ·

454 3489 546 3555 XIX.
563 3491 647 3554 llaec
662 3491 823 3573 potissima
838 3492 1044 3558 humanitatis
1059 3492 1267 3575 perlectio,in
1284 3498 1436 3576 tempore
1453 3513 1527 3561 cur-

394 3593 446 3638 sus
461 3583 493 3642 et
508 3578 585 3642 viae:
603 3579 630 3642 si
647 3583 751 3641 tamen
768 3598 905 3662 unquam
921 3578 1096 3662 continget!
1113 3582 1173 3648 Sed
1190 3600 1351 3648 accessum
1371 3582 1447 3667 quis
1474 3604 1527 3650 re-

394 3665 611 3730 tatldccsssus
626 3671 731 3734 autem
744 3667 811 3742 fiet,
821 3673 975 3749 quantum
986 3669 1024 3734 ad
1037 3674 1168 3734 naturae
1180 3671 1405 3752 integritatem
1419 3690 1527 3738 acces

394 3753 538 3827 serimus,
546 3754 659 3818 deiude
668 3755 706 3818 ad
718 3755 817 3821 divini
830 3756 907 3820 iuris
917 3757 1072 3822 unitatem
1081 3762 1173 3840 atque
1183 3761 1427 3826 auctoritatem:
1438 3763 1526 3844 quod

394 3837 442 3902 ius
457 3840 609 3916 divinum,
627 3859 690 3905 una
701 3848 734 3908 et
748 3846 812 3908 sola
825 3843 985 3910 Catholica
997 3845 1110 3926 religio
1123 3849 1279 3922 continet,
1295 3849 1437 3929 singulis
1450 3869 1524 3933 per·

394 3925 562 3996 lectionem
578 3931 740 4015 praebens,
759 3933 874 3998 nullam
888 3933 956 4014 ipsa
967 3933 1218 4001 substantialiter
1232 3953 1251 4000 a
1267 3938 1430 4002 creaturis
1443 3941 1528 4005 reci-

393 4012 510 4100 prens(
529 4014 552 4132 >3

394 4245 400 4256 ‘
480 4174 518 4250 (a)
532 4180 776 4258 Christianismum,
796 4183 874 4239 cuius
894 4183 1035 4255 expressio
1054 4199 1118 4242 vera
1131 4185 1211 4242 unice
1233 4192 1278 4243 est
1295 4185 1526 4260 Catholicismas,

393 4245 453 4304 rdeo
466 4264 520 4307 non
534 4257 728 4328 perfectibilem
743 4258 871 4324 dicimus,
887 4260 948 4329 quia
962 4260 1097 4328 perlectus
1112 4267 1164 4316 est:
1181 4261 1263 4316 homo
1276 4269 1373 4318 autem
1390 4267 1528 4323 maiorem

392 4335 480 4410 usque·
490 4329 680 4394 perlectionem
693 4340 865 4405 accepturus.
881 4335 966 4400 Quare
982 4336 1038 4403 ipsc
1049 4335 1221 4391 Beniaminus
1236 4337 1449 4411 Constant,qui
1465 4355 1528 4412 per·

391 4395 515 4483 lectrbrlis
528 4407 669 4464 cuiusdam
683 4408 880 4464 Christianismi
894 4405 976 4462 veluti
991 4415 1087 4465 auctor
1100 4409 1229 4483 habetur,
1242 4425 1276 4466 cx
1292 4427 1342 4466 sua
1353 4414 1449 4484 ipsius
1465 4433 1529 4473 sen·

392 4477 476 4557 tentia
487 4479 646 4540 revincitur.
662 4483 759 4539 Scribit
773 4483 854 4538 enim:
869 4483 907 4536 lle
922 4486 1011 4537 toutes
1026 4482 1067 4539 les
1080 4484 1190 4554 lormes,
1203 4500 1257 4557 que
1268 4484 1295 4542 le
1310 4489 1470 4548 sentiment
1486 4507 1529 4548 rc·

392 4543 488 4616 lcum
501 4565 517 4608 a
531 4564 596 4627 peut
609 4553 719 4632 naveta,
735 4556 760 4616 le
774 4555 976 4616 christianismo
991 4564 1031 4615 cst
1049 4557 1073 4615 la
1089 4559 1150 4630 plus
1161 4561 1344 4620 sutisiaisante
1359 4563 1376 4621 d
1391 4562 1418 4622 la
1434 4565 1487 4624 tois
1502 4573 1528 4625 et
