3224 5282
592 293 776 349 rrruuusv.
1134 273 1203 344 lib

123 459 227 526 neque
242 438 411 510 delinitum
430 439 479 506 ius
497 445 678 523 constituit,
704 459 806 528 neque
820 458 891 507 eam
905 437 974 523 lege
991 439 1116 522 publica
1131 441 1249 507 descri-

122 533 199 597 bere
220 549 257 598 ac
272 531 416 596 dimetiri
430 532 580 613 possibile
593 541 653 601 est.
672 534 799 600 lustitia
814 536 901 597 certa
916 534 976 606 est,
994 536 1030 596 ut
1044 536 1168 596 certum
1178 531 1245 604 ius,

121 623 156 685 in
179 639 242 704 quo
256 621 327 702 ipsa
342 620 458 701 pedem
473 621 557 702 tigit:
575 621 784 689 beneficentia
807 618 996 686 vero‘virtus
1012 624 1060 684 est
1076 619 1245 700 generalis,

122 709 286 792 animique
301 725 408 773 sensus
418 713 452 774 et
464 710 568 775 lorma
583 710 846 794 praeclarissima,
857 708 996 790 adeoque
1008 709 1047 772 ab
1058 707 1187 773 interno
1198 707 1247 772 lo-

120 817 171 876 ro,
185 816 251 862 non
260 803 406 872 externo,
417 799 615 866 sanctionem
627 819 663 866 ac
676 817 854 866 mensuram
865 798 1034 880 recipiens.
1044 798 1127 873 lmo,
1141 797 1175 861 in
1184 813 1248 862 una

122 887 344 953 benevolentia
364 887 581 954 nobilissimae
596 907 706 954 omnes
720 889 905 954 affectiones
919 887 1246 968 comprehenduntur,

122 994 204 1060 qnae
219 993 317 1057 usque
332 975 371 1039 ed
382 977 572 1042 sacrificium
583 978 845 1060 pertingunt,sed
856 977 926 1040 iura
937 976 1043 1050 cirilla
1059 975 1188 1058 proprie
1199 976 1246 1040 di·
1321 1054 1324 1061 Ι

120 1071 172 1131 cta
188 1082 252 1129 non
269 1065 479 1130 constituunt.
489 1064 592 1132 Corda
605 1067 785 1141 emolliunt,
799 1066 945 1131 homines
959 1064 1142 1129 hominibus
1154 1065 1250 1129 incli-

122 1158 216 1227 nant,
232 1153 354 1234 legibus
365 1155 448 1219 viam
461 1162 588 1235 parant,
603 1173 702 1236 regna
714 1156 856 1220 efficiunt
867 1153 1132 1227 humaniormsed
1144 1154 1248 1235 legum

122 1243 188 1308 vim
204 1246 238 1307 et
250 1258 432 1313 mensuram
447 1261 574 1324 semper
589 1244 755 1326 effugient.
774 1243 849 1310 Non
863 1243 952 1307 enirn
967 1243 1094 1308 iubetur
1107 1243 1250 1306 liberali-

122 1336 185 1407 tas,
205 1347 264 1394 nec
278 1330 428 1407 charitas,
446 1349 506 1397 nec
518 1334 723 1398 sacrificium.
739 1333 773 1398 Si
789 1332 998 1397 beneficentia
1013 1331 1112 1396 libera
1124 1350 1188 1396 non
1201 1336 1250 1398 est

124 1438 184 1484 nec
196 1419 297 1486 virtus
309 1424 370 1484 est.
386 1441 403 1481 «
413 1421 622 1497 Beneficium,
634 1423 817 1495 aitSeneca,
829 1421 908 1486 nulli
924 1421 987 1500 legi
998 1421 1175 1485 subiectum
1187 1427 1246 1495 est;

108 1527 197 1590 ,pars
213 1508 336 1590 optima
352 1508 498 1574 beneficii
512 1511 624 1594 periit,
641 1512 669 1574 si
685 1510 782 1586 actio,
796 1511 878 1577 sicut
893 1514 998 1576 certae
1013 1509 1179 1592 pecuniae,
1193 1512 1249 1574 aut

121 1616 164 1664 ex
179 1598 336 1662 conducto
350 1603 404 1664 aut
418 1616 460 1662 en
473 1599 579 1665 locato
593 1599 727 1665 ducatur
746 1599 788 1682 1).
810 1623 827 1662 u

214 1685 290 1751 vll.
307 1686 391 1752 llinc
407 1689 545 1752 maxime
556 1694 667 1754 errant
677 1689 880 1771 quicumque,
895 1687 1050 1753 iustitiam
1066 1704 1138 1751 cum
1153 1687 1249 1751 bene·

121 1775 1246 1862 licentiaconfundentes,huiusollicia,quiaeofficiaconscientiaesuut,

120 1864 253 1944 imperii
269 1863 390 1945 legibus
405 1866 625 1932 committunt.
643 1867 735 1946 Quod
755 1866 934 1931 eminenter
949 1870 982 1930 at
996 1864 1201 1948 systematice
1215 1881 1249 1928 a·

120 1957 201 2034 gunt
214 1952 414 2028 summistae,
432 1953 612 2021 inconsulte
635 1973 709 2021 vero
725 1955 751 2020 ii
766 1972 874 2020 rerum
896 1954 1096 2036 publicarum
1111 1953 1248 2021 admini-

121 2042 273 2123 stri,qui,
283 2041 437 2123 imposita
444 2061 628 2125 pauperum
636 2053 728 2123 laea,
741 2045 790 2109 vel
806 2053 885 2108 turca
898 2043 1001 2128 legali,
1013 2047 1049 2106 ut
1060 2044 1163 2117 aiunl,
1172 2041 1247 2108 cbe-

120 2131 256 2198 ritatem
270 2131 399 2196 tributis
420 2134 674 2216 aequiparantes,
692 2133 871 2200 Socialistis
886 2134 971 2199 viam
995 2137 1196 2212 paraverant.
1214 2129 1249 2198 si

121 2219 211 2283 enim
225 2219 302 2284 lieet
313 2220 484 2302 imperanti
496 2222 709 2305 proprietates
719 2223 923 2297 imminuere,
940 2226 976 2286 ut
989 2221 1068 2285 nihil
1081 2222 1131 2286 vel
1143 2220 1248 2284 minus
1267 2271 1273 2283 .

121 2308 311 2373 habentibus
322 2305 518 2386 consulatur,
529 2310 759 2378 enSocialistas
770 2311 978 2394 qui,abrepto
989 2309 1162 2392 principio,
1178 2314 1248 2373 tan·

122 2403 193 2462 tum
207 2398 394 2464 subtrahent
405 2395 568 2475 divitibus,
578 2406 733 2481 quantum
744 2400 939 2466 inducendae
950 2399 1183 2482 proprietatum
1195 2413 1248 2461 ae-

121 2485 276 2570 qualitati
291 2487 436 2552 sufficiet.

213 2574 1247 2663 Vlll.Hancqnoqueplagam,charitatemleqalam,societatipo-

121 2663 231 2730 liticae
246 2665 358 2730 intulit
370 2666 664 2744 Protestantismus,
673 2675 745 2750 post
756 2670 896 2750 direptas
907 2668 1136 2735 catholicorum
1148 2664 1249 2729 eccle-

121 2753 266 2818 siasticas
283 2754 459 2836 proprietas
481 2756 594 2837 quibus
609 2775 761 2840 pauperes
777 2759 954 2832 alebantur,
976 2763 1010 2823 et
1026 2758 1092 2821 lere
1107 2753 1249 2820 extincta

121 2843 247 2925 abipso
262 2843 420 2908 charitate
443 2847 636 2926 evangelica,
655 2863 736 2929 quae
751 2847 867 2912 trustra
878 2864 905 2909 a
922 2847 1056 2928 legibus,
1080 2843 1250 2908 efficaciter

122 2950 197 2996 vero
213 2950 232 2996 a
248 2932 404 3013 religione
419 2933 546 2998 iubetur
560 2939 654 3017 atque
670 2935 779 3001 alitur.
789 2935 982 3001 Imminutae
994 2953 1012 2999 a
1023 2931 1251 3000 Protestantis-

124 3037 179 3084 mo
193 3021 362 3086 charitatis
382 3029 568 3103 argumenta
583 3024 679 3089 habes
696 3024 728 3089 1.
746 3026 780 3088 in
796 3025 866 3106 ipsa
881 3041 1056 3105 pauperum
1076 3029 1161 3089 taxa:
1184 3037 1249 3083 non

124 3111 215 3176 enim
231 3110 359 3176 iubetur
369 3112 457 3192 quod
469 3112 555 3178 ultro
570 3113 747 3195 perficitur.
762 3115 796 3179 2.
810 3114 847 3177 ln
860 3113 976 3178 misera
991 3111 1163 3177 Hiberniae
1174 3125 1251 3172 con·

124 3199 263 3272 ditione,
281 3200 371 3264 cuius
391 3200 513 3265 incolae
536 3202 668 3284 plurimi
685 3201 769 3268 lame
792 3202 957 3266 tabescunt
980 3202 1030 3268 vel
1046 3199 1247 3270 occumbunt,

125 3289 203 3354 dum
215 3288 384 3354 Britannia
396 3293 510 3364 mater,
521 3291 634 3356 bibliis
645 3291 884 3372 corrumpendis
896 3295 989 3372 atque
1004 3286 1185 3372 ingerendis
1195 3302 1251 3350 vo-

126 3377 317 3444 lentibus'et
333 3377 701 3455 nolentibus,thesauros
713 3380 858 3444 effundit.
870 3377 903 3444 3·.
916 3380 952 3443 ln
964 3379 1175 3461 pauperismo,
1186 3391 1250 3456 quo

126 3466 190 3534 ista
214 3483 293 3547 prae
307 3467 463 3532 universis
479 3469 626 3548 gentibus
649 3470 828 3534 miserrime
852 3469 1009 3534 obmitur.
1026 3467 1061 3535 d.
1082 3469 1119 3532 ln
1137 3470 1249 3530 natura

127 3556 401 3642 Protestantismi,
415 3557 469 3638 qui
485 3575 557 3622 cum
573 3559 615 3623 sit
629 3557 901 3624 individualismus
913 3558 1100 3632 theoretice,
1111 3552 1250 3636 practice

128 3646 157 3709 si
169 3645 401 3728 perficiaturfit
409 3646 579 3728 egoismus.
590 3648 676 3712 Haec
683 3651 893 3722 recensentes,
907 3648 1102 3728 optimorum
1114 3643 1250 3726 gloriam

129 3739 162 3799 et
178 3733 304 3798 laudem
321 3752 386 3799 non
402 3734 632 3811 imminuimus,
646 3737 701 3801 sed
716 3736 879 3802 doctrinae
891 3736 955 3800 vim
969 3735 1183 3820 expendimus.
1198 3732 1252 3796 ln-

128 3829 218 3889 terea
234 3823 317 3888 hanc
333 3823 457 3905 plagam
474 3823 652 3891 Catholicos
667 3825 858 3890 infectorum
873 3842 936 3888 non
957 3824 1144 3889 mirabimur
1157 3821 1186 3887 si
1201 3837 1252 3884 ca-

128 3912 246 3977 tholici
266 3912 454 3994 religionem
470 3917 646 3998 ore-potius
661 3933 755 3998 quam
771 3915 867 3978 corde
890 3913 1100 3994 proferentes,
1118 3911 1252 3993 quodem

128 4001 472 4082 semiprotestantismo
482 4003 731 4080 delectarentur,
740 4003 795 4089 qni
807 4003 922 4068 alicubi
931 4002 994 4067 iam
1008 4002 1129 4084 legibus
1138 4006 1172 4067 et
1183 4017 1252 4063 mo·

129 4092 219 4155 ribus
235 4090 412 4172 impendet.

222 4181 286 4245 lx.
303 4179 353 4246 Ex
363 4180 527 4246 affectibus
537 4181 636 4264 igitur
650 4186 788 4256 constat,
799 4179 932 4262 legalem
942 4179 1185 4246 beneficentiam
1197 4177 1254 4242 nec

132 4270 324 4353 pauperibus
341 4287 398 4334 nec
413 4271 563 4337 divitibus
578 4272 749 4354 quidquam
764 4271 840 4336 boni
856 4271 1008 4335 attulisse:
1025 4271 1079 4346 sod
1092 4285 1193 4349 neque
1209 4266 1256 4330 al-

131 4360 228 4434 leret,
247 4360 410 4424 renitente
426 4365 551 4426 natura.
570 4361 624 4426 Sic
639 4362 726 4426 enim
741 4365 875 4424 naturae
888 4363 1008 4424 Auctor
1023 4357 1202 4429 constituit,
1220 4361 1256 4421 ut
1346 4395 1349 4404 «

131 4448 246 4514 divites
261 4447 510 4512 misericordiam
525 4450 699 4514 liberaliter
707 4448 1102 4522 exercentes,meritorum
1114 4449 1254 4525 scgctem

132 4537 361 4624 amplissimam
373 4539 645 4617 nanciscerentur;
655 4537 769 4605 deinde
779 4544 814 4605 ut
822 4539 956 4605 divitum
965 4543 1175 4690 etp1a÷rperum
1187 4551 1256 4598 cor·

1293 1581 1316 1652 l)
1333 1583 1376 1638 Dc
1391 1581 1497 1658 deaest-

1269 1662 1334 1724 ctas,
1349 1659 1394 1716 Vl.
