3238 5282
514 455 803 550 araneus
853 459 896 532 ιι.

243 627 246 634 ⁴
308 647 390 699 anau
406 645 546 698 scurror
562 647 777 704 consnrrnnro
790 653 838 702 ax
853 615 1113 727 eneruauerunt.
1166 620 1174 640 ‘

226 799 248 864 i.
269 805 415 866 Scieatiam
434 806 501 865 iuris
514 805 632 884 socialis,
648 808 744 870 ideeiis
755 811 939 882 etobiectivs,
960 810 1087 870 bistorica
1105 818 1134 868 et
1155 814 1266 885 esperi-

150 881 288 944 mentalis.
302 881 336 938 ll.
349 883 514 942 Contractus
523 883 634 943 socialis
642 884 797 946 absurdius
809 894 838 946 et
847 887 971 946 effectus.
983 887 1032 944 lll.
1045 887 1205 946 llobbesiani
1220 907 1265 965 sy·

151 960 276 1018 stauratio
289 958 387 1032 capita,
396 965 424 1017 et
436 959 569 1033 exquisita
579 962 710 1035 tyrannis.
723 963 768 1023 lv.
776 963 936 1022 bnercbiam
948 963 1050 1021 invehit
1058 964 1211 1040 bousseau,
1220 981 1266 1021 so·

150 1038 250 1094 nietam
263 1031 427 1092 tantaene.
443 1036 476 1094 V.
489 1035 562 1092 llaec
574 1035 629 1093 duc
642 1044 766 1096 extrema
780 1045 939 1097 contractus
952 1037 1073 1098 socialis:
1084 1041 1204 1116 tyrannis
1220 1039 1263 1096 vel

148 1111 288 1169 anarobia.
298 1109 431 1168 Vlliulla
445 1110 582 1168 mactatis
593 1114 762 1187 constitutio,
771 1121 850 1172 extra
860 1123 972 1186 pactum
990 1114 1265 1186 sociataprotestsn·

149 1189 223 1243 tibus
238 1185 412 1259 relinquitur.
428 1185 487 1243 Vll.
501 1185 543 1243 ils
556 1186 679 1263 sydaepo
693 1197 806 1260 pectam
819 1190 949 1248 tundatur
962 1191 990 1248 in
1004 1192 1179 1262 proprietate:
1197 1191 1266 1248 divi·

150 1269 196 1320 tes
209 1263 258 1320 soti
272 1269 337 1319 sunt
351 1261 480 1333 populus.
496 1263 567 1321 vlll.
582 1261 699 1320 boetius
711 1265 766 1324 duc
779 1273 855 1324 tenet
866 1281 973 1340 summa
984 1267 1108 1338 imperia:
1125 1266 1216 1337 populi
1236 1271 1266 1324 et

150 1339 237 1412 regis.
255 1337 303 1399 tx.
317 1337 415 1395 Schola
428 1341 585 1410 germanica
598 1345 693 1396 tuetur
707 1348 829 1414 paetum,
843 1342 932 1398 reiicit
941 1342 1123 1411 consectarin3
1135 1341 1179 1398 vel
1190 1343 1264 1399 vice·

150 1428 245 1486 uersa,
256 1413 290 1470 X.
304 1414 415 1472 Grotius
428 1414 493 1472 dum
509 1420 617 1486 pactum
635 1415 766 1490 appellat,
776 1415 844 1474 illud
857 1414 976 1478 tunditus
989 1416 1098 1474 euertit.
1107 1416 1155 1474 xl.
1167 1417 1266 1475 Poten-

149 1487 254 1546 dorlius
267 1489 409 1560 imperium
422 1490 562 1546 constituit
573 1487 724 1565 indivisum,
735 1491 827 1550 necab
837 1490 895 1564 ullo
904 1491 1074 1564 dependens.
1085 1491 1145 1551 xli.
1154 1491 1266 1550 Pactum

150 1571 233 1635 negat
245 1564 421 1634 Boebmerus,
437 1565 554 1622 becrens
572 1580 606 1623 ac
618 1569 780 1640 caespitans.
796 1567 870 1624 lllll.
885 1567 1001 1625 Wotflus
1015 1567 1159 1638 imperium
1172 1567 1268 1624 tribuit

148 1639 1132 1791 altaalta”titildtatlattebitl·beatitati
1144 1641 1267 1788 tall

150 1791 187 1848 ad
201 1791 340 1861 politicum
360 1787 571 1850 rationalismuru
589 1794 724 1865 perduxit.
741 1792 961 1856 xllldallioao
981 1792 1092 1850 subolae
1105 1807 1268 1863 praecursor

151 1867 349 1940 ldouleaquieu.
372 1868 466 1927 lllllll.
482 1869 584 1942 Sieyes.
601 1870 673 1926 lilii.
685 1870 878 1927 Rcussaaviurn
892 1869 1022 1926 describit
1034 1867 1195 1942 Spedalieri3
1207 1869 1266 1925 ltlt.

153 1942 323 2013 principatus
339 1941 427 2000 ideam
441 1944 551 2015 evertit3
563 1942 635 2005 xxi.
651 1945 961 2018 sophismatucougerit.
976 1944 1062 2002 xxll.
1074 1945 1148 2015 Ergo
1164 1942 1270 2002 insuffi-

150 2019 229 2074 ciens
241 2026 268 2074 et
281 2033 437 2090 repugnans
448 2025 604 2076 contractus
615 2020 733 2078 socialis.
742 2019 936 2078 lllllll.lluius
948 2035 1061 2092 causae3
1076 2017 1171 2077 ltltlv.
1181 2026 1209 2076 et
1221 2034 1270 2076 cc·

150 2092 271 2152 mllaria.
288 2094 368 2152 xxv.
384 2093 493 2152 Eversio
505 2094 635 2171 imperiis,
650 2113 666 2154 a
679 2097 735 2154 suis
749 2095 936 2154 defensoribus
949 2096 1083 2155 relicitur.

217 2261 243 2325 1.
254 2259 479 2327 Substantialia
488 2259 589 2342 igitur
600 2262 634 2330 in
643 2263 713 2328 iure
722 2261 1062 2343 politico,societatem
1075 2279 1187 2344 nempe
1195 2279 1269 2327 cum

146 2349 297 2432 imperio,
312 2349 485 2431 imperium
501 2353 607 2415 autem
625 2369 697 2416 curn
714 2351 876 2429 libertate,
893 2357 1007 2418 natura
1022 2351 1201 2425 constituit:
1219 2367 1270 2414 re-

146 2439 307 2521 giminum
316 2440 427 2504 modos·
434 2444 530 2521 atque
538 2439 712 2505 accidentia
722 2441 862 2506 moribus
869 2442 1061 2523 relinquens.
1076 2439 1271 2506 Hincscien·

146 2529 194 2594 tia
206 2527 332 2593 ducitur
343 2529 424 2593 iuris
434 2528 560 2593 socialis
571 2529 847 2612 et,publici,lirma
859 2528 1170 2622 atqueamplissima:
1182 2527 1271 2592 idea·

148 2617 189 2682 lis
203 2616 297 2682 sirum
311 2622 345 2682 ct
360 2617 529 2692 obiectiva,
539 2618 615 2683 dum
627 2619 754 2684 talama
771 2623 883 2684 natura
896 2617 998 2700 legem
1010 2619 1164 2692 intuetur,
1176 2617 1270 2698 eique

148 2706 315 2781 innititur3
337 2707 598 2789 experimentalis
618 2711 712 2791 atque
734 2707 900 2784 historica,
918 2708 993 2771 dum
1008 2707 1169 2772 societatis
1185 2704 1271 2770 iacto

146 2796 332 2870 universali,
346 2795 556 2861 universalem
568 2813 693 2862 causam
706 2796 869 2862 adscribit.
881 2795 916 2862 Si
929 2795 1016 2860 enirn
1029 2813 1047 2860 a
1058 2795 1158 2878 priori
1170 2793 1271 2858 socic-

148 2891 250 2951 tatcm
266 2885 503 2968 expendendam
517 2885 681 2968 suscipias,
700 2890 808 2950 antae
824 2903 887 2949 non
902 2885 1062 2968 stipitum,
1077 2885 1131 2948 sed
1146 2882 1269 2948 entium

149 2974 332 3047 moralium,
354 2974 590 3039 coniunctionis
605 2974 787 3040 efficiendae
807 2978 903 3056 atquc
917 2973 1123 3048 ordinandae,
1150 2971 1270 3036 nullam

149 3063 309 3128 rationem
321 3063 475 3137 invenies,
488 3064 547 3132 nisi
562 3063 596 3129 iu
607 3063 834 3146 praeexistenti
843 3063 1105 3146 iegesummoque
1114 3062 1194 3135 iure,
1206 3078 1270 3142 quo

148 3153 220 3218 iura
234 3152 441 3236 particularia
452 3153 548 3218 simul
561 3153 696 3218 invicem
712 3156 911 3235 coaptentur,
926 3151 1003 3235 quin
1015 3151 1221 3216 collidantur.
1234 3149 1269 3216 Si

149 3247 257 3306 autam
270 3257 288 3305 a
302 3241 486 3324 posteriori,
506 3246 650 3308 naturam
666 3242 821 3325 perspicis
832 3241 864 3308 vi
878 3258 934 3306 aaa
946 3240 1107 3306 conditam
1121 3237 1270 3304 adsocia

149 3335 263 3409 tatem,
281 3335 350 3396 turn
364 3331 551 3400 societatem
567 3331 682 3416 ipsam,
700 3331 797 3400 veluti
812 3331 931 3396 iactum
950 3327 1266 3406 universalissimum,

148 3420 356 3503 omniumque
369 3422 576 3496 saeculorum,
593 3422 682 3487 cuius
698 3422 817 3486 nullum
832 3419 975 3485 initium:
994 3418 1162 3484 societates
1181 3417 1269 3482 enim

148 3509 349 3590 evolvuntur,
367 3510 552 3586 dilatantur,
567 3510 765 3592 immigrant,
782 3508 982 3582 scinduntur,
999 3523 1097 3588 regna
1112 3517 1152 3570 cx
1164 3505 1270 3586 regnis

148 3601 319 3682 exurgunt,
331 3598 459 3666 'nulium
475 3603 582 3665 minen
599 3601 660 3665 nisi
676 3617 748 3664 cum
765 3599 869 3680 primo
884 3596 1016 3661 bomine
1030 3594 1207 3661 communis
1224 3594 1271 3660 vi-

150 3694 204 3755 tae
220 3687 399 3754 exordium.
416 3689 517 3771 ¹Atqui
532 3689 609 3755 iacti
626 3687 811 3762 universalis
826 3703 933 3762 causa,
949 3703 988 3752 ca
1001 3701 1128 3769 quoque
1143 3684 1270 3751 unirer-

151 3778 240 3853 salis,
259 3777 574 3861 adeoquenaturalis,

243 3867 287 3932 ll.
311 3867 346 3936 Si
360 3868 439 3933 hacc
454 3868 493 3932 ad
509 3872 655 3934 naturam
668 3864 754 3933 dicta
770 3869 855 3938 sunt,
873 3881 949 3945 ergo
966 3861 1089 3928 tabellis
1104 3872 1272 3929 accensen-

151 3956 192 4021 da
206 3972 286 4038 quae
305 3957 344 4022 de
357 3961 442 4023 statu
456 3956 596 4024 silvestri
610 3960 731 4024 veteres
747 3955 931 4021 cecinerunt
946 3956 1071 4036 pactae,
1090 3951 1272 4033 iterumque

153 4044 337 4129 pbilosopbi
351 4045 480 4129 quidam
491 4045 749 4129 excogitaverunt
763 4045 803 4108 de
818 4047 912 4126 pacto
923 4040 1272 4122 socialiExpoetarum

153 4135 293 4218 placitis,
306 4137 384 4202 satis
398 4134 539 4212 horride,
549 4135 671 4201 latente
684 4133 873 4209 Bocbmero,
881 4135 1000 4198 statum
1012 4130 1102 4195 illum
1112 4130 1271 4196 retberem

153 4242 250 4306 agens
264 4225 471 4309 descripserat
481 4224 633 4293 cicera«
645 4223 720 4290 Fuit
736 4221 893 4307 quoddam
905 4225 1039 4305 tempus,
1057 4235 1130 4314 cum
1142 4218 1176 4283 in
1188 4215 1272 4318 agris

152 4314 300 4380 homines
312 4315 429 4398 passim
442 4315 614 4382 bestiarum
629 4313 723 4378 modo
739 4311 986 4394 vagabantur,et
996 4306 1057 4374 sibi
1071 4307 1158 4373 victu
1168 4306 1272 4372 ierrno

153 4402 490 4488 vitampropagabant,
502 4421 559 4470 nec
571 4403 696 4472 ratione
704 4399 803 4468 animi
816 4400 997 4484 quicquam,
1007 4397 1061 4464 scd
1069 4396 1218 4479 pleraque
1227 4395 1273 4458 ri-

152 4492 240 4558 ribus
255 4494 397 4577 corporis
412 4493 687 4560 administrabant.
707 4491 776 4560 Non
798 4489 925 4556 divinae
940 4485 1115 4590 religion-ie,
1134 4502 1197 4548 non
1215 4481 1272 4548 hu·

153 4582 242 4647 mani
254 4584 442 4654 officiiratic
455 4583 626 4654 colebatur.
638 4583 740 4654 Nemo
753 4578 878 4666 nuptias
893 4577 1014 4650 viderat
1022 4575 1193 4659 legitimas,
1209 4591 1273 4638 non
