3208 5274
551 291 685 348 τιιιιιιιι
701 297 734 346 v.
1096 283 1161 350 aba

81 447 150 514 albi
165 450 296 530 arrogat
309 445 511 530 proletarius,
529 463 569 512 ex
584 444 641 511 illo
656 451 742 528 pete,¹
759 441 834 510 ἰιιιιιι
851 461 891 516 ex
905 445 972 514 beo
983 449 1025 514 ad
1042 448 1120 516 illud
1135 466 1204 518 mu·

80 537 174 602 ncris
190 535 359 618 requisitas
381 533 581 600 conditiones
592 549 629 598 ac
640 533 823 601 missionem
836 537 936 619 ipsam
947 537 1138 618 babuerit3si
1149 559 1204 606 au·

80 630 154 690 tem
176 624 265 690 dives
280 621 436 690 exclusiva
450 621 513 688 sibi
527 621 668 688 vindicat
691 622 772 701 lura,
790 624 835 687 ita
852 624 944 689 rebus
964 623 1029 694 suis
1042 627 1151 694 utendl
1167 647 1205 695 ac

80 712 228 788 fruendi,
245 713 322 796 quin
338 711 473 777 aliorum
496 711 662 794 provideat
677 710 899 789 incolumitati,
917 715 1040 797 postula
1063 735 1104 782 an
1119 717 1204 784 licus

82 801 145 866 illa
163 800 341 884 tradiderit,
361 805 396 864 nt
411 818 471 881 pro
486 799 619 866 libidine
634 800 845 866 insumantur
952 835 956 844 ·

180 889 273 954 XXl.
288 889 380 956 Solus
395 888 495 970 igitur
510 887 739 954 revolutionem
755 889 917 956 exscindet
931 889 1202 960 christianismus:

82 976 165 1059 quia
180 977 291 1044 solus
281 995 349 1059 lpse
365 977 495 1044 libertas
509 982 568 1052 est,
579 976 735 1042 revolutio
750 982 856 1043 autem
875 978 1054 1047 libertatis
1044 999 1150 1065 rmago
1161 983 1206 1048 ri·

83 1065 198 1130 ‹liculc
212 1071 246 1132 at
261 1065 408 1131 mendax.
418 1064 485 1134 Ubi
492 1064 547 1128 ille
562 1059 734 1137 affulserit,¹
737 1065 789 1146 qui
802 1071 851 1130 cst
862 1066 991 1132 libertas
1001 1069 1095 1134 simul
1109 1076 1142 1138 et
1153 1090 1207 1138 vc·

84 1155 184 1229 ritas,
194 1155 327 1227 umbrae
331 1159 364 1220 ct
372 1153 534 1226 mendacia
543 1153 717 1220 diluentur
727 1156 786 1220 Ast
796 1153 951 1222 revolutio
964 1175 1122 1240 nunquam
1134 1160 1207 1225 iun-

85 1242 176 1308 ditus
188 1243 353 1318 evelletur,
363 1242 604 1326 quianunquam
616 1242 651 1305 in
664 1242 758 1306 terris
770 1244 1020 1328 veritasintegra
1031 1253 1064 1315 et
1074 1247 1205 1316 solado-

84 1331 280 1400 minabitur.
298 1331 465 1398 Sternetur
480 1331 546 1405 illa,
560 1329 691 1412 pedvbns
701 1336 902 1408 conteretur
916 1340 1057 1417 resurget
1071 1335 1202 1414 itemm,

84 1421 221 1485 custode
236 1419 408 1502 consopito
419 1420 471 1484 val
485 1419 626 1502 decepto:
639 1419 903 1502 quemadmodum
919 1425 1203 1548 vetusnmalecita,

84 1509 212 1594 Moyse.
218 1507 343 1577 brachia
357 1507 557 1574 demittente.

181 1597 290 1662 xllll.
298 1597 372 1662 Non
380 1597 460 1661 taba
471 1596 732 1680 utaquetempora
743 1597 865 1664 instant
867 1541 1011 1684 ,quibus
1019 1600 1147 1682 regibus
1157 1607 1206 1670 at

84 1702 164 1766 que
174 1683 382 1767 principibus,
399 1684 464 1749 orris
478 1689 547 1751 tute
561 1685 650 1761 otiis,
667 1687 944 1764 aemulationibus,
961 1688 1140 1766 iniustitiis,
1158 1691 1206 1756 vi·

85 1773 208 1854 tiisque
224 1772 386 1854 indulgere
398 1773 504 1838 liccat.
513 1773 622 1839 Hostis
636 1773 792 1838 humanae
802 1777 976 1854 socratatrs
990 1779 1142 1843 contrnuo
1152 1796 1205 1844 ao-

85 1861 226 1936 cinctio,
243 1860 440 1931 occasionem
444 1861 622 1938 scrutatur,
640 1879 698 1926 nec
711 1861 867 1939 dimittet,
881 1883 941 1947 qua
956 1864 1018 1947 ipsi
1030 1866 1204 1932 erdivino-

85 1967 161 2014 rum
177 1951 352 2015 officiorum
368 1965 440 2015 arce
454 1949 616 2015 recedant.
630 1951 668 2015 ln
683 1949 789 2015 divina
805 1952 859 2017 illa
871 1969 957 2027 arce,
975 1955 1067 2018 salus.
1086 1954 1203 2021 Nostra

86 2057 216 2122 qunque
231 2039 265 2104 ln
280 2037 388 2103 divino
404 2037 555 2104 tribunall
567 2038 628 2106 sita
644 2042 705 2112 eat,
723 2055 785 2119 quo
801 2040 939 2125 undique
953 2041 1140 2108 circumdati
1152 2061 1204 2108 ιιι·

78 2143 165 2190 mus.
184 2127 284 2194 Nobis
300 2144 436 2210 quoque,
451 2143 562 2192 eorum
576 2126 723 2202 subditis,
736 2126 882 2208 claudere
897 2130 1101 2208 oculum,‘val
1113 2147 1202 2197 arma

77 2214 264 2292 demittere,
283 2214 370 2280 nolas
385 2219 447 2282 ast:
464 2231 575 2282 ornnes
589 2213 707 2280 milites
726 2232 833 2281 sumus
847 2222 880 2282 ct
895 2219 975 2283 iuris
990 2219 1145 2295 custodes,
1162 2225 1199 2286 ut

77 2304 115 2367 in
129 2303 363 2371 revolutionem
377 2303 576 2372 dimicemus.
594 2302 674 2370 Mali
690 2303 861 2386 imperium
876 2311 926 2378 est
939 2305 1110 2374 revolutio.
1126 2307 1199 2378 Bel·

77 2392 146 2456 lum
162 2392 224 2458 boc
240 2390 353 2457 nonin
369 2391 535 2474 aggeribus
549 2395 675 2456 tanturn
686 2393 736 2457 vel
748 2394 782 2456 in
797 2393 909 2460 castris
925 2395 1100 2476 peragitur:
1114 2396 1198 2461 cbri-

76 2481 202 2544 silanus
216 2478 364 2564 quilibet,
377 2480 444 2546 lieo
460 2479 561 2544 tidelis
576 2483 609 2546 et
624 2479 706 2561 regi,
720 2485 911 2565 temperans,
925 2480 1088 2561 honestus,
1103 2484 1199 2550 beros

75 2569 164 2634 lltin
180 2567 423 2640 revolutionem.
440 2567 578 2650 Expulso
592 2572 736 2651 peccato,
753 2569 977 2647 concidetilla,
993 2588 1073 2674 quaa
1087 2591 1198 2655 snper·

74 2657 149 2722 biae
164 2662 213 2723 cst
228 2661 404 2738 ροιοιιιιιιι.
418 2657 522 2724 Nemo
538 2658 706 2721 externum
722 2655 827 2723 vincat
841 2657 979 2736 bostem,
994 2659 1055 2724 nisi
1066 2661 1197 2726 interno

77 2745 251 2820 debellato,
265 2763 320 2828 qur
311 2743 434 2811 '‘latet
424 2761 458 2808 ιιι
473 2744 580 2810 corda
591 2741 712 2809 Ultima
727 2745 962 2813 revolutionum
972 2747 1076 2813 clades
1087 2753 1137 2814 aot
1147 2766 1198 2815 rr-

75 2851 140 2900 ons
154 2849 363 2900 canrsrrrrvr.
380 2834 447 2901 Nos
461 2833 614 2897 dicemus.
631 2848 727 2898 runos
742 2850 941 2902 caruoorcr.

169 2922 296 2988 xxlll.
310 2921 415 3004 Usque
426 2921 489 2987 buc
500 2920 603 2994 Stbal,
614 2920 694 2985 iuris
705 2921 831 2986 socialis
846 2922 956 2990 doctor
970 2924 1129 3007 egregius:
1142 2943 1197 2991 cu-

75 3011 127 3074 ius
142 3008 238 3075 allata
253 3029 294 3076 ex
307 3009 514 3092 protestantis
529 3025 585 3074 ore
598 3008 670 3074 idco
694 3009 899 3092 arripuimus,
917 3011 991 3094 qnia
1013 3029 1071 3078 nec
1090 3031 1197 3097 suspe-

74 3104 142 3172 cta:
153 3098 365 3164 rationalismi
378 3097 609 3179 varo,indeque
619 3097 747 3179 genitae
760 3098 966 3164 revolutionis
979 3099 1131 3177 indolem,
1143 3119 1196 3167 co·

75 3186 276 3269 gnationem,
293 3203 456 3269 processus
467 3204 505 3252 ac
515 3186 595 3250 lines
608 3184 758 3268 grapbice
768 3187 962 3254 describunt.
970 3187 1126 3265 lamvero,
1141 3207 1196 3256 ex·

77 3274 193 3357 positis
208 3275 442 3340 revolutionum
463 3273 604 3357 placitis,
621 3273 734 3356 quibus
750 3291 807 3339 nec
823 3276 928 3340 minae
946 3276 1061 3343 desunt
1075 3294 1133 3342 nac
1148 3278 1196 3342 vis

76 3363 111 3428 in
125 3362 285 3445 publicam
298 3363 496 3442 societatem,
510 3361 587 3446 quid
599 3361 678 3427 iuris
689 3361 733 3428 sit
744 3361 777 3427 in
790 3364 969 3445 imperante
977 3364 1191 3448 exquiramus.

166 3451 405 3531 XXlV.'Quurn
413 3451 582 3518 aevolutio
590 3450 723 3515 minima
732 3450 775 3516 sit
786 3451 926 3516 civitatis
935 3470 1020 3533 pars,
1031 3470 1132 3536 neque
1143 3455 1195 3519 in-

75 3539 246 3605 veniendae
259 3539 421 3606 societatis
436 3539 618 3604 mandatum
634 3538 673 3603 ab
687 3538 755 3620 ipsa
769 3538 946 3605 obtinuerit
961 3539 1129 3616 societate,
1147 3541 1195 3606 ia·

74 3627 143 3693 ctio
157 3632 206 3694 est
221 3647 279 3696 nec
293 3627 440 3712 populari
455 3627 636 3711 principatu
652 3632 736 3692 tecta
753 3628 802 3691 val
816 3627 956 3702 suffulta,
974 3626 1083 3713 iniqua
1097 3628 1131 3693 in
1144 3628 1193 3695 ius

76 3715 215 3782 civitatis
230 3722 324 3803 atqua
346 3715 549 3798 imperantis.
567 3714 667 3797 Atqui
684 3715 747 3780 vim
767 3715 799 3779 vl
814 3716 981 3797 repellere,
1000 3715 1074 3781 iura¹
1086 3720 1194 3784 omnia

76 3803 228 3871 clamant.
244 3805 329 3888 Ergo
345 3806 518 3886 imperans,
537 3820 599 3887 quo
615 3804 685 3869 iura
700 3808 849 3869 externos
863 3803 969 3869 hostes
984 3821 1003 3869 a
1018 3821 1052 3869 se
1066 3809 1159 3889 atque
1174 3826 1193 3872 a

74 3891 198 3958 civibus
212 3899 311 3970 arcet,
327 3894 374 3960 sic
385 3897 458 3974 aget
469 3892 504 3957 in
519 3893 674 3958 internos.
691 3892 741 3958 ius
756 3890 844 3956 enirn
858 3893 1058 3972 servandum,
1076 3894 1194 3961 iniuria

74 3997 95 4046 a
109 3981 229 4048 civibus
244 3981 468 4066 propulsanda.

165 4069 273 4136 XXV.
284 4067 1114 4174 Quidsisupariusexpositallevolutionispostulata,
1128 4087 1195 4136 ma-

75 4155 128 4220 ior
141 4157 257 4224 civium
272 4177 347 4264 pars
358 4179 377 4227 a
390 4158 537 4262 principe
551 4157 732 4222 abstrahere
749 4156 885 4222 nitatur?
899 4153 963 4237 Qui
978 4158 1158 4241 populare
1148 4175 1196 4223 ra·

77 4246 191 4310 etant
181 4248 362 4330 vrnpcriom,
381 4247 542 4314 numerica
562 4243 775 4311 deliniendum
790 4243 834 4330 (lo
848 4241 1011 4312 rocrooitd
1025 4247 1074 4311 dcl
1086 4262 1196 4311 como·

77 4351 128 4408 ro,
146 4334 180 4398 lo
193 4333 458 4421 moqpiorooro),
484 4335 579 4400 noxia
594 4349 816 4436 quaecumque
822 4333 937 4417 populo
953 4333 1143 4416 efflagitanti
1158 4351 1194 4399 ac

77 4421 738 4506 decernenticoncedendaloreaprincipe,
750 4422 1195 4489 neccssariaconclusinnedc·

78 4512 203 4580 llnient.
221 4514 343 4583 Namsi
358 4512 467 4600 populi
480 4515 529 4580 est
543 4510 728 4597 imperium,
745 4511 773 4576 si
788 4511 933 4580 voluntas
949 4511 1060 4598 populi
1071 4510 1194 4578 eminet
