3224 5282
567 327 785 376 rrronosxur.
1125 311 1186 377 101
1288 399 1290 404 Ι

205 473 291 538 Vlll.
310 473 391 540 Naar
408 477 572 556 postquam
588 474 657 540 iura
674 473 797 539 laudata
812 476 885 538 sunt
896 473 1015 538 notiora
1026 476 1233 543 immanendo

109 569 139 624 ct
155 579 214 640 per
229 562 368 645 stapulas
383 563 567 640 coercendo,
586 562 649 626 duo
664 561 940 627 concludebantur:
958 561 992 628 1.
1010 580 1086 644 ergo
1103 564 1162 628 Dei
1178 582 1233 630 uu-

105 651 244 716 ctoritas
260 651 357 726 nulla,
371 651 432 716 nisi
443 667 522 734 quae
533 650 688 716 humanae
698 649 882 716 subiiciatur
893 651 1022 728 rationi:
1037 652 1070 716 2.
1084 669 1159 733 ergo
1170 654 1232 738 iru-

105 741 292 819 perantium
308 740 479 805 auctoritas
495 741 592 815 nulla,
610 740 671 804 nisi
687 755 766 821 quae
777 738 972 820 singulorum
984 740 1138 820 placuerit
1150 742 1232 806 iudi-

106 829 162 890 cio
180 833 213 893 et
230 829 395 894 voluntati.
405 829 494 908 Quae
508 828 542 892 in
558 827 636 894 haec
651 828 862 894 vertebantur:
873 829 997 910 quilibet
1008 829 1065 894 sibi
1080 848 1152 894 rec:
1162 832 1232 912 pui-

100 917 183 992 libet
197 918 422 983 sacerdosllel
438 918 499 982 alia
516 918 652 983 ratione:
662 917 772 982 adia:
781 917 891 996 papati
904 918 1088 997 imperator,
1100 919 1161 983 aisi
1173 937 1231 1000 po·

101 1005 220 1084 palus,-
233 1007 340 1070 cullas
351 1008 463 1086 populi
474 1008 628 1084 sacerdos,
644 1006 707 1071 aiat
714 1006 865 1089 populus.
877 1005 987 1074 Ultimi
1005 1005 1052 1082 hi,
1064 1006 1140 1071 olim
1153 1008 1231 1074 Pro-

106 1095 317 1170 testantismi,
337 1113 418 1160 nunc
433 1113 530 1178 purae
544 1095 753 1160 democratiae
768 1094 911 1170 termini,
923 1110 1049 1160 omnem
1060 1097 1231 1162 auctorita·

105 1188 177 1246 tem
193 1183 378 1258 evertentis,
400 1189 507 1268 atque,
523 1184 625 1250 instar
646 1183 801 1260 flammae,
819 1183 1004 1258 societatem
1025 1184 1227 1250 absumentis.

200 1272 261 1338 lx.
279 1272 448 1340 Politicum
463 1278 497 1338 et
511 1273 695 1354 religiosum
710 1272 793 1337 hunc
802 1272 1048 1354 scepticismum,
1062 1289 1079 1336 a
1091 1273 1231 1355 philoso-

101 1359 203 1442 phico
219 1378 414 1443 nequaquam
425 1361 601 1428 absimilem
612 1361 805 1443 inspicimus.
816 1361 920 1442 Quum
932 1362 1018 1428 euim
1030 1361 1228 1438 edoceamur,

104 1453 224 1514 aratura
240 1467 296 1514 nos
310 1450 455 1515 conditos
475 1469 541 1516 esse
564 1451 795 1529 advertentem,
817 1450 856 1514 ad
878 1451 1059 1533 relipioaem
1081 1455 1174 1532 atque
1189 1451 1231 1515 ad

103 1539 296 1616 societatem,
312 1539 496 1604 alterutram
512 1557 638 1621 negare,
656 1539 794 1604 eiusdem
809 1545 856 1605 est
879 1539 997 1604 erroris
1012 1543 1045 1606 et
1060 1537 1231 1604 infirmita-

104 1629 162 1691 tis.
182 1626 282 1693 Gausa
297 1631 403 1694 autern
418 1629 605 1693 communis:
622 1628 656 1692 in
672 1628 874 1710 primocasu,
892 1627 968 1696 fides
982 1627 1099 1692 rationi
1114 1632 1146 1692 et
1160 1644 1231 1692 sen·
1309 1642 1310 1654 ¹

103 1716 194 1780 sibus
216 1715 400 1797 denegatur:
418 1716 452 1780 in
476 1717 589 1793 altero,
607 1716 667 1782 llei
688 1717 819 1791 rationi,
837 1715 971 1798 seipsam
992 1715 1166 1782 certissime
1182 1733 1232 1780 rc-

104 1805 242 1879 velanti:
260 1805 294 1869 in
310 1805 419 1881 tertio,
437 1809 567 1872 naturae
582 1806 677 1872 simul
693 1810 726 1870 ct
740 1805 820 1881 Deo,
835 1822 892 1869 nos
907 1805 946 1870 ad
959 1805 1144 1870 societatem
1155 1821 1232 1870 con·

105 1894 272 1959 stituenti.

199 1983 245 2047 x.
261 1982 364 2064 Igitur
379 1982 455 2048 tides
471 1981 645 2048 adhibenda
666 1981 703 2048 in
722 1979 841 2065 triplici
856 1980 979 2057 ordine,
997 1999 1059 2064 quo
1082 1981 1145 2048 vita
1160 1979 1232 2044 unl-

105 2088 199 2137 versa
214 2072 408 2136 continetur:
425 2071 546 2136 scilicet
563 2071 597 2136 in
614 2071 760 2146 naturali,
777 2070 926 2152 religioso
942 2075 979 2136 et·
994 2069 1115 2137 sociali.
1139 2069 1232 2149 Quod

106 2160 195 2226 ratio
211 2160 326 2244 ubique
341 2160 427 2226 iubet
443 2177 479 2224 ao
494 2160 613 2226 suadet.
630 2161 726 2239 Nam,
740 2166 773 2226 et
788 2160 902 2233 Deum,
915 2162 1041 2241 praeter
1056 2158 1231 2242 ingenitam

105 2248 247 2315 rationis
262 2250 374 2329 legem,
384 2248 517 2330 positiva
527 2249 662 2314 edixisse
671 2249 739 2314 iura
750 2266 806 2331 per
820 2248 1056 2322 revelationem:
1065 2253 1098 2313 et
1114 2266 1169 2312 nos
1180 2263 1231 2311 so·

105 2338 240 2402 eiabilos
254 2337 458 2413 essanullarn
473 2342 579 2404 autem
593 2338 662 2404 sine
676 2337 837 2402 communi
852 2336 1039 2402 auctoritate
1053 2337 1124 2401 fieri
1139 2354 1231 2417 posse

104 2427 307 2502 societatem:
324 2425 402 2490 haec
416 2426 494 2490 adeo
509 2431 595 2492 certa
614 2431 757 2493 tenemus
772 2426 846 2503 lide,
870 2442 964 2510 quam
980 2443 1037 2491 nos
1051 2425 1230 2508 intelligere

106 2533 190 2598 quae
205 2515 427 2598 intelligimus,
444 2520 477 2582 et
491 2516 598 2582 videre
612 2533 692 2601 quaa
707 2515 858 2581 videmus.
945 2511 950 2522 ’

108 2676 289 2746 recentiores,
310 2677 343 2734 ad
359 2676 473 2750 aliquam
488 2677 673 2736 materialisnri
691 2677 805 2734 sormam
820 2681 1015 2748 pervenerunt.
1029 2677 1109 2750 llam,
1121 2675 1161 2734 vel
1175 2679 1232 2749 spi·

108 2755 162 2808 ritu
176 2767 316 2824 regamur,
338 2753 381 2810 vel
394 2769 519 2824 corpore,
536 2769 649 2811 necessa
670 2759 722 2810 ast.
739 2753 820 2825 lliuc,
837 2767 885 2822 per
898 2758 985 2809 totam
1004 2751 1060 2808 lere
1080 2753 1229 2827 liuroparn,
1298 2793 1301 2799 -

109 2829 169 2884 novi
184 2828 352 2897 scepticismi
373 2835 401 2884 et
414 2829 596 2886 materialismi
616 2843 715 2886 coaeva
730 2829 817 2900 origo.
836 2849 847 2880 ι
863 2830 900 2884 Le
919 2827 1112 2902 sensualisme,
1130 2827 1155 2885 la
1169 2828 1232 2900 plus

109 2903 222 2974 simple,
238 2903 264 2959 la
279 2903 339 2974 plus
354 2902 441 2976 lacile,
456 2911 484 2961 at
498 2903 550 2960 l’on
564 2911 629 2976 peut
642 2905 701 2962 dire
716 2904 741 2961 lu
753 2903 813 2974 plus
828 2911 898 2962 solla
912 2903 947 2960 de
962 2910 1051 2960 toules
1064 2903 1102 2960 les
1114 2901 1230 2961 tba'ories

110 2978 342 3051 philosophiques,
365 2980 393 3036 dl
408 2993 441 3036 eu
453 2979 617 3054 dngleterre
630 2985 658 3036 et
671 2980 741 3037 daus
756 2981 780 3036 le
794 2985 867 3036 reste
881 2978 915 3035 de
929 2978 947 3036 l’
956 2980 1061 3049 Europe
1075 2977 1110 3035 da
1123 2979 1231 3050 rapides

111 3051 238 3127 prognes.
255 3055 355 3110 llumes
369 3061 396 3113 el
410 3055 511 3113 Gibbon
526 3057 551 3112 le
564 3055 742 3113 traduisiraut
754 3071 789 3111 eu
803 3056 926 3129 histoire,
934 3053 1078 3114 ,Gondillac
1092 3051 1230 3126 l'ensegna

109 3131 164 3188 isla
178 3131 296 3202 Frauce3
319 3133 384 3188 mais
398 3131 416 3188 il
431 3147 465 3188 ne
483 3131 522 3188 lut
540 3132 565 3188 la
579 3133 653 3204 prola
666 3131 701 3188 de
717 3129 871 3206 l‘immense
882 3137 996 3202 tropeau
1012 3128 1061 3185 des
1074 3129 1174 3198 caprile
1188 3127 1227 3184 le‘·

111 3223 186 3281 gers,
204 3206 221 3262 il
235 3220 270 3262 ne
284 3205 377 3264 devint
391 3207 531 3280 populaire
545 3222 598 3281 que
612 3207 704 3280 quand
717 3206 735 3262 il
751 3207 790 3264 lut
804 3203 900 3264 revitu
909 3206 957 3261 des
971 3206 1070 3260 tarmes
1085 3201 1227 3259 seduisau·

111 3288 155 3338 tes
169 3296 224 3353 que
238 3288 334 3339 surent
347 3281 384 3341 lui
398 3283 506 3340 donner
518 3280 657 3340 llelvetius
670 3287 698 3340 et
711 3279 827 3339 l’auteur
841 3282 877 3339 du
891 3279 1018 3356 system
1033 3275 1071 3334 de
1082 3276 1116 3335 lo
1128 3281 1229 3335 Notu-

112 3373 154 3414 re.
172 3358 231 3414 Una
245 3355 367 3414 doctrine
388 3359 453 3415 alnsi
473 3356 653 3431 giae‘ralisde,
670 3373 703 3414 aa
723 3360 827 3414 saurull
841 3362 931 3413 tester
944 3353 1060 3412 inactiva
1080 3368 1116 3410 au
1136 3353 1227 3412 milieu
1300 3381 1303 3388 a

111 3431 175 3489 d’un
191 3431 301 3504 peuple.
316 3431 518 3508 L’lngleterre,
534 3431 713 3491 maternitate
734 3433 803 3490 daus
827 3449 876 3490 sou
889 3430 1093 3502 enseignemeut
1107 3427 1228 3499 pbiloso-

112 3509 226 3582 piique,
241 3506 266 3563 le
280 3510 319 3565 lut
333 3509 393 3566 bien
408 3509 472 3580 plus
487 3525 586 3567 encore
600 3511 669 3568 daus
687 3509 727 3564 les
746 3510 869 3566 scieuces
883 3504 1085 3576 d’applicatiou.
1106 3505 1175 3560 Tout
1186 3501 1230 3560 lut

110 3583 200 3640 tornae
212 3597 276 3639 vers
289 3583 314 3640 la
327 3586 490 3659 stalislique,
506 3583 661 3642 l'iconomie
675 3581 788 3658 sociale,
803 3582 952 3640 l’industrie
966 3587 995 3638 ct
1013 3579 1038 3636 la
1051 3577 1227 3651 productiom

113 3675 142 3715 sa
156 3659 262 3716 morale
272 3659 405 3732 ¹potitique
421 3666 448 3717 et
462 3658 715 3732 gouveruamentale
726 3659 765 3715 lut
776 3665 836 3716 tout
845 3654 947 3716 eatiira
957 3663 1092 3714 conteuua
1101 3654 1169 3711 daus
1180 3668 1227 3710 ces

113 3734 186 3790 deux
202 3738 284 3791 mols:
304 3737 376 3792 Toat
390 3751 421 3793 ce
434 3740 485 3810 put
494 3733 617 3808 produit
631 3741 673 3792 est
687 3735 750 3792 bon.
765 3736 803 3790 Le
823 3733 945 3805 principe
958 3731 992 3789 de
1005 3726 1126 3788 l'iutdrib
1142 3725 1228 3786 mate·

115 3811 165 3866 riel
178 3809 287 3867 deveuu
304 3809 444 3867 dominunt
462 3811 532 3867 dans
549 3810 590 3866 les
608 3809 693 3880 iddes,
709 3825 738 3866 se
752 3805 821 3866 mile
841 3808 940 3880 parlois
954 3821 1021 3866 avec
1033 3819 1087 3862 una
1099 3803 1230 3862 emacula

113 3883 224 3941 aalvete'
237 3901 290 3941 aux
301 3883 375 3941 ideas
386 3885 541 3958 religieuses
555 3886 623 3943 elles
635 3882 750 3943 mames.
759 3886 795 3941 Le
809 3883 915 3942 celebra
927 3882 1018 3959 Boyle,
1034 3895 1124 3937 connu
1136 3893 1187 3951 par
1198 3895 1229 3936 sa

116 3958 188 4030 piete'
202 3966 270 4017 elsa
285 3959 396 4035 chariti,
409 3961 489 4018 disait
501 3959 564 4035 qu’ll
582 3959 648 4020 ituit
662 3962 715 4018 bon
729 3961 764 4018 de
779 3958 894 4032 pre‘cber
907 3947 1051 4029 l'livaagilo
1063 3969 1115 4012 aux
1132 3969 1229 4040 sauva-

114 4051 173 4108 ges,
194 4057 206 4085 ιι
224 4051 386 4110 parce-que,
401 4035 499 4094 ddt-on
512 4051 554 4100 ,ue
574 4037 635 4094 leur
648 4036 803 4108 appraadra
816 4034 956 4109 qu'uutuut
975 4029 1010 4089 de
1029 4031 1228 4114 christianismo

117 4131 128 4159 ι
144 4127 198 4183 que
214 4111 231 4168 il
245 4126 281 4168 eu
294 4110 350 4168 iaut
369 4127 440 4186 pour
460 4113 585 4168 umrclrer
599 4111 723 4183 habillts,
745 4126 778 4168 cc
796 4113 877 4171 serait
890 4106 1015 4179 toujours
1035 4122 1070 4176 un
1083 4121 1153 4178 gran
1166 4103 1228 4161 bren

118 4207 129 4236 ι
145 4202 217 4257 pour
230 4187 271 4246 les
290 4187 490 4244 manuductores
503 4187 639 4260 anglaises
656 4209 667 4239 a
685 4187 790 4261 (lettre
808 4202 830 4242 u
843 4187 933 4246 S.·M.
948 4183 1042 4241 le-llot
1054 4179 1091 4238 de
1108 4183 1228 4252 Praese,

113 4276 162 4332 par
176 4259 327 4336 llonselgu.
340 4263 444 4334 Hauon,
459 4259 561 4336 e'vique
575 4263 725 4340 d’dnnecy,
740 4261 785 4318 cb.
799 4260 856 4334 lll.)
1167 4329 1173 4340 ,

190 4338 255 4409 Sed,
272 4353 339 4394 auro
353 4353 403 4409 pro
415 4341 532 4396 Numina
546 4341 704 4405 constituto,
719 4353 807 4395 nonna
826 4338 853 4392 ln
873 4337 932 4394 eius
945 4331 1056 4393 undem
1067 4333 1229 4388 auctoritate

114 4413 299 4484 captivamur?
312 4414 386 4486 Ergo
405 4429 541 4487 nunquam
564 4414 731 4472 auctoritatis
750 4413 893 4484 imperium
912 4409 1081 4484 effugiamus.
1095 4408 1167 4492 Cum·
1179 4417 1229 4489 pro

115 4487 302 4559 pbilosopbioo
322 4490 364 4546 vel
380 4489 506 4562 religioso
519 4492 701 4561 scepticismo,
718 4487 910 4548 nobilissimam
924 4485 1034 4544 rationis
1048 4489 1077 4540 et
1092 4480 1228 4566 religionis

116 4565 308 4624 auctoritatem
320 4566 541 4642 expunxerimus,
556 4572 621 4624 tuuc
629 4564 757 4624 materiae
768 4563 886 4622 vilissimi
896 4560 1020 4634 mancipii
1026 4559 1226 4617 constituimur.
