3168 5282
409 303 451 372 10
852 317 985 368 trecor.

365 473 455 534 turae
470 470 503 532 et
518 463 660 546 gentium
676 467 870 544 comparata.
888 461 978 528 Adeo
993 460 1080 527 enim
1093 474 1208 524 novam
1218 455 1493 530 dominationem,

364 553 505 636 antiquis
518 551 771 617 institutionibus
786 551 960 625 adversam,
978 548 1220 626 execrabantur,
1237 551 1286 624 ut,
1304 550 1381 628 post
1398 541 1496 612 Cato-

365 659 450 715 nem,
464 639 644 714 suicidium,
658 639 751 722 quasi
758 640 907 705 ultimum
919 637 1117 721 desperantis
1129 639 1256 702 animae
1263 634 1435 710 solatium,
1447 638 1495 698 at·
1571 661 1572 716 r

364 746 427 812 que
442 728 536 794 liberi
547 728 684 793 bominis
695 728 859 810 effugium,
873 728 1075 794 extollerent.
1090 725 1181 806 Quae
1192 743 1251 790 nec
1262 724 1425 788 naturalis
1437 739 1495 786 nec

365 817 470 882 civilis
490 821 538 882 ast
554 815 708 883 tortitudo
732 823 787 880 aut
801 813 912 890 virtus,¹
931 831 1033 898 neque
1049 814 1089 878 ad
1104 815 1175 879 iura
1191 814 1241 879 vel
1255 811 1397 893 imperia
1418 829 1498 877 con-

365 904 524 971 stituenda
540 909 595 972 aut
609 904 824 982 restauranda,
843 910 915 986 apta
927 903 1107 986 dispositio.
1121 901 1259 966 Demurn
1269 901 1374 968 Stoici
1386 899 1497 964 borni·

368 1011 444 1058 num
454 995 594 1058 actiones
604 993 671 1058 lato
682 993 885 1058 subiicientes
897 991 1049 1056 vinutem
1060 1008 1132 1056 cum
1145 991 1307 1064 libertate,
1320 989 1498 1072 providen-

367 1081 460 1155 tiam,
476 1079 631 1147 iustitiam
646 1098 683 1146 ac
697 1082 799 1147 Deum
814 1080 928 1164 ipsum,
946 1099 964 1145 c
979 1079 1140 1154 cordibus,
1153 1096 1172 1144 e
1184 1077 1323 1153 iudiciis,
1336 1095 1356 1141 e
1369 1077 1499 1159 legibus

369 1167 604 1250 propulsabant.

389 1344 427 1408 be
457 1255 546 1324 Vlll.
568 1257 711 1324 Tertium
726 1261 775 1322 est
790 1262 925 1340 systema
939 1254 1274 1340 pseudopolitioomm:
1293 1254 1402 1338 quiin
1419 1254 1500 1318 duas

369 1360 387 1407 a
427 1349 486 1410 unt
499 1349 616 1428 partes.

462 1430 493 1498 1.
513 1433 579 1499 Alii
595 1432 676 1499 nibil
690 1435 724 1499 in
739 1434 882 1510 civitate,
901 1437 1014 1500 natura
1028 1449 1095 1508 sua,
1112 1433 1232 1498 bonurn
1248 1435 1303 1498 aut
1314 1431 1441 1495 malum
1454 1431 1503 1494 ai-

369 1521 510 1596 llrmant;
528 1522 695 1600 iustitiam,
708 1524 756 1588 uti
771 1523 868 1588 lulius
882 1522 997 1591 Caesar
1011 1523 1050 1586 de
1061 1522 1232 1604 republica,
1246 1520 1502 1604 appellationem

371 1627 437 1673 esse
452 1609 521 1675 sine
535 1627 669 1696 corpore
683 1618 716 1678 et
727 1613 844 1695 specim
862 1612 909 1677 vel
927 1629 991 1676 non
1003 1611 1037 1675 in
1049 1627 1085 1674 re
1096 1610 1150 1674 sed
1162 1611 1195 1674 in
1207 1611 1303 1682 verbo
1314 1627 1383 1673 esse
1397 1609 1503 1674 virtu-

372 1701 451 1773 tem,
464 1700 675 1780 quod'Brutus
686 1704 826 1768 moriens
836 1701 1086 1783 desperatavoce
1098 1699 1300 1764 inclamabat.
1311 1697 1432 1779 Igitur,
1445 1715 1504 1760 an-

372 1789 500 1867 tequam
517 1787 601 1867 leges
612 1791 836 1863 conderentur,
851 1790 935 1854 nulla
946 1805 1015 1854 esse
1026 1789 1108 1852 iusta
1121 1789 1170 1852 vel
1180 1787 1313 1859 iniusta,
1327 1785 1502 1868 quaedein

373 1870 592 1938 exhominans
607 1877 731 1957 placitis
745 1884 778 1942 et
796 1877 1060 1942 conventionibus
1075 1876 1159 1941 dicta
1175 1881 1262 1942 sunt.
1279 1875 1373 1954 Quod
1391 1892 1434 1949 ex
1451 1893 1504 1938 re·

373 1959 570 2026 cantionibus
592 1962 766 2034 docuerunt
786 1966 954 2047 praecipue
973 1965 1120 2046 spinosa,
1137 1965 1312 2030 Hobbesius
1328 1969 1363 2028 et
1382 1964 1505 2028 Helve-

377 2046 551 2149 tiusccuius
565 2054 718 2133 postremi
729 2052 807 2116 haec
822 2058 895 2118 sunt
907 2055 1012 2118 verba:
1023 2053 1134 2134 «Quid
1144 2060 1194 2120 est
1204 2071 1330 2119 morum
1346 2051 1506 2117 scientia?

376 2136 432 2200 Est
448 2138 669 2204 inventionum
691 2145 915 2224 pectorumque
930 2143 1089 2217 collectio,
1107 2159 1188 2225 quae
1202 2143 1242 2206 ad
1257 2141 1429 2207 meliorem
1457 2141 1506 2204 vi-

158 2225 181 2294 ll
197 2229 239 2282 oe
253 2224 356 2283 l'lwm·
380 2228 445 2288 tam
453 2227 675 2307 peragendam,
687 2230 713 2294 si
722 2230 791 2294 lieri
800 2235 920 2312 posset,
929 2231 968 2294 ab
975 2230 1157 2298 hominibus
1165 2232 1345 2312 excogitata
1352 2227 1483 2310 suut.1)

132 2315 187 2366 ’ἥθ’
204 2300 247 2357 ⁰¹¹·
262 2300 311 2357 ¹¹¹·
379 2311 445 2413 Nec
461 2313 571 2382 abnuit
586 2318 757 2392 Rousseau,
777 2320 811 2383 in
828 2318 926 2383 Paeto
941 2318 1051 2383 sociob·
1070 2323 1173 2385 totam
1188 2318 1352 2384 societatis
1366 2335 1405 2382 ac
1422 2335 1506 2400 gen-

379 2405 460 2466 trum
476 2421 663 2486 compagem
677 2413 838 2482 extruens,
851 2408 934 2472 unde
948 2413 1134 2472 cunctorum
1150 2409 1219 2472 iura
1233 2411 1436 2472 emanarant.

469 2492 530 2556 lx.
545 2495 578 2558 2.
592 2495 659 2560 Alii
672 2514 758 2572 vcro,
773 2497 858 2561 inter
869 2497 951 2560 cives
963 2497 1120 2561 iustitiam
1136 2496 1304 2579 quamdam
1320 2495 1507 2560 naturalem

379 2581 562 2645 servandam
578 2601 644 2647 esse
654 2585 805 2658 fatentur,
820 2590 853 2650 at
863 2602 900 2649 ea
912 2585 1004 2666 ligari
1015 2602 1154 2650 summos
1168 2587 1364 2666 imperantes
1375 2585 1508 2666 perira-

377 2671 430 2732 cte
447 2676 573 2750 negant.
583 2673 640 2738 Est
648 2673 735 2737 enirn
749 2673 919 2756 Euphemii
934 2675 1053 2738 dictum
1065 2674 1147 2756 apud
1154 2674 1373 2740 Thucididenr:
1389 2673 1507 2753 «Regi

349 2787 351 2794 .
379 2760 434 2823 aut
449 2756 572 2822 civitati
588 2761 757 2844 imperium
771 2762 915 2835 habenti,
933 2762 1013 2826 nibil
1029 2762 1195 2838 iniustum,
1209 2762 1293 2846 quod
1308 2761 1424 2826 utile.»
1443 2760 1508 2826 Cui

378 2846 482 2908 simile
493 2847 583 2922 illud,
598 2849 681 2931 quod
692 2850 793 2916 refert
803 2849 943 2916 Tacitus:
959 2852 1027 2915 «ln
1039 2870 1161 2916 summa
1173 2853 1311 2925 inmune,
1323 2850 1357 2913 id
1369 2849 1508 2930 aequius

379 2934 463 3012 quod
483 2934 624 3003 validius.
645 2961 662 3001 n
678 2939 848 3010 Hoc-idem
862 2939 1004 3021 disputat
1026 2942 1108 3025 apud
1123 2939 1311 3008 Ciceronem
1327 2939 1365 3012 P·
1383 2938 1509 3003 Furius

379 3022 500 3110 Pbilus,
518 3026 717 3094 relerentes.
735 3029 926 3112 Augustino:
947 3051 964 3091 (ι
982 3029 1053 3097 Nisi
1077 3048 1133 3114 per
1148 3029 1353 3102 iniustitiam,
1371 3043 1508 3110 rempu-

165 3107 200 3202 ‘tl
220 3107 305 3204 ¹¹¹⁸*
325 3107 361 3166 de
379 3110 494 3177 blicam
509 3118 593 3182 stare
604 3123 658 3184 aut
670 3120 739 3202 geri
752 3137 815 3185 non
827 3117 992 3206 posse.2)»
1005 3121 1109 3186 Dictis
1120 3120 1203 3185 iacta
1214 3118 1399 3184 consonant.
1413 3115 1506 3182 Nam

136 3184 198 3318 flli-
209 3189 272 3255 ⁰⁶¹»
287 3185 359 3260 ¹¹¹¹,
380 3203 522 3282 gentium
538 3209 770 3275 controversiae
786 3211 881 3275 nimis
903 3211 1096 3294 trequentes,
1112 3209 1217 3275 Marte
1236 3207 1353 3277 iudice,
1372 3202 1506 3267 solvun-

177 3304 182 3318 '
380 3293 433 3393 tur
449 3293 497 3358 vel
508 3304 665 3364 secantur.
680 3300 860 3381 Antigonus
871 3319 978 3374 senex,
993 3299 1111 3363 alienas
1122 3295 1214 3359 urbes
1226 3305 1424 3372 oppugnans,
1443 3292 1505 3356 ho-

381 3397 499 3444 nrrnem
514 3382 668 3452 irridebat
682 3386 732 3450 illi
747 3389 786 3452 de
802 3389 923 3453 iustitia
938 3383 1167 3450 commentaria
1184 3380 1381 3450 afferentem
1396 3380 1430 3441 et
1446 3398 1506 3444 ne-

381 3466 474 3546 gabat
490 3470 621 3548 Marius,
639 3493 679 3540 ex
692 3474 875 3550 Plutarcho,
894 3491 971 3555 prae
994 3488 1155 3536 armorum
1178 3468 1314 3548 strepitu
1330 3464 1414 3547 leges
1429 3483 1451 3530 a
1468 3486 1503 3532 se

287 3597 307 3610 -
380 3573 470 3638 posse
486 3560 642 3627 exaudiri.
660 3565 704 3628 at
714 3561 846 3638 Caesar,
863 3561 1061 3630 Rubiconem
1076 3557 1280 3633 transiturus,

136 3681 362 3836 Phialnb’ulc’azgss
556 3694 617 3769 llic,
633 3696 681 3773 ait,
698 3695 742 3755 bic
754 3712 862 3774 pacem,
877 3685 1139 3772 temerataquc'iura
1150 3692 1274 3769 relinquo
1288 3695 1327 3770 3).

294 3855 298 3864 -
382 3825 455 3978 1¹1¹?
471 3823 623 3909 relinquit
639 3823 763 3903 Caesar,
788 3826 858 3894 iura
873 3828 1030 3893 temerata
1045 3842 1064 3891 a
1078 3813 1244 3908 Pompeio!
1268 3819 1442 3890 Candidior
1456 3830 1505 3892 A·

157 3997 362 4072 atuor-,Pom
383 3933 401 3978 ο
425 3933 434 3977 ¹
451 3914 517 4002 ,ω’
580 4005 644 4062 lura
658 4012 740 4080 negat
753 4005 802 4063 sibi
817 4011 891 4079 nata,
906 4003 971 4076 nibil
986 4018 1040 4060 non
1053 4009 1163 4078 arrogat
1175 3999 1257 4058 armis
1271 3999 1310 4072 ¹¹·

141 4075 203 4136 ω’
383 4129 537 4191 Armatae
561 4120 707 4202 politices
725 4120 906 4203 exemplum
922 4117 1046 4184 bebetis
1061 4117 1095 4180 in
1111 4111 1430 4196 Caesarezeaptiosae
1447 4129 1505 4178 au-

385 4220 463 4292 tern,
482 4209 712 4285 fraudulentae,
727 4215 821 4293 atque
837 4211 876 4274 ad
891 4206 1106 4274 omnimodam
1123 4203 1324 4288 tyrannidem
1337 4218 1504 4282 compara-

384 4308 447 4380 tae,
466 4305 498 4369 in
516 4301 649 4373 Nicolao
666 4297 1085 4380 Machtavellio·l³rinctpem
1100 4289 1316 4375 instituente(
1337 4287 1359 4374 ).

460 4480 499 4556 (cl
515 4480 588 4538 aueo
604 4483 715 4536 versuta
728 4491 761 4534 ac
774 4476 851 4536 laeda
865 4472 1039 4534 llacbiavallii
1053 4472 1175 4530 doctrina
1189 4470 1215 4526 in
1229 4468 1301 4526 libro
1314 4465 1338 4522 tt
1351 4466 1501 4538 Principe,

383 4565 414 4617 ut
426 4557 577 4635 tyranbidis
592 4562 681 4632 satyra
695 4553 833 4612 nonnullis
853 4554 910 4612 visa
925 4551 1013 4611 luerit.
1030 4550 1142 4623 Verum,
1158 4552 1247 4622 satyra
1260 4543 1326 4601 dum
1339 4542 1433 4600 vitium
1446 4541 1502 4597 lan·
