3224 5282
576 370 709 420 rrrucus
725 371 759 420 v.
1123 353 1184 419 131

110 517 291 599 guertium,
310 515 365 599 qui
382 532 400 578 a
416 531 612 598 paganorum
628 517 781 584 societate
804 517 1015 584 exhereditati
1031 521 1064 584 et
1077 518 1231 601 despecti,

110 608 150 671 ab
165 606 306 672 Ecclesia
320 604 550 685 colligebantur
563 606 659 671 veluti
670 605 790 672 Christi
802 608 955 681 membra,
969 607 1171 684 lovebautur,
1183 608 1234 674 in·

109 693 327 765 stituebantur
341 691 401 778 (o).
412 693 496 758 Hinc
511 712 628 760 novum
643 696 854 763 accusationis
867 703 980 778 genus:¹
997 717 1015 756 u
1033 696 1117 762 Vide
1132 702 1168 762 ut
1183 697 1238 763 in·-

111 782 214 849 vicem
231 799 265 848 se
281 784 430 865 diligant,
449 787 482 860 et
496 801 554 864 pro
569 784 723 850 alterutro
739 785 823 850 mori
838 784 904 850 sint
916 782 1032 868 paratil
1048 785 1090 870 1).
1102 808 1120 850 a
1134 787 1235 855 Reve-
1278 772 1482 852 ΜΘΜΡΟ·

110 889 160 947 ra,
184 891 243 954 pro
258 888 443 957 unaquaque
467 873 665 947 necessitate,
681 874 823 956 publicas
837 874 946 940 domos
960 873 1146 940 instituerat
1159 873 1235 942 clra·
1254 848 1325 928 ‘We
1341 854 1390 910 ³⁹·

110 961 192 1025 ritas
208 961 431 1027 ecclesiastica:
445 978 504 1043 pro
523 960 711 1028 lactantibus
723 963 824 1030 adhuc
834 963 941 1047 pueris
957 963 1238 1046 brephotropocor-

112 1049 196 1115 batis
217 1069 281 1115 uno
297 1051 345 1116 vel
360 1049 495 1132 utroque
510 1054 643 1130 parente
659 1051 792 1119 aderant
813 1052 1095 1134 orphanotrophio:
1108 1069 1237 1119 aososo·

112 1139 180 1202 mie
195 1138 344 1216 infirmis:
363 1137 536 1204 viatoribus
553 1140 599 1204 vel
615 1141 773 1206 extraneis
788 1143 996 1218 xenodochio:
1006 1143 1237 1224 gerontocomio

112 1227 252 1310 senibus:
270 1234 306 1294 ut
321 1227 476 1292 universis
492 1228 776 1308 malehabentibus,
789 1231 1038 1312 ptochotrophio.
1054 1228 1192 1296 Theatra
1203 1235 1237 1298 ct

112 1315 217 1381 circos
231 1316 389 1382 habebant
401 1321 523 1382 veteres
534 1318 667 1395 ethnici,
682 1319 736 1384 sed
748 1319 829 1384 nihil
841 1318 1036 1400 huiusmodi.
1045 1318 1138 1395 lulla,
1152 1319 1238 1386 hies-

112 1404 228 1481 salina,
243 1405 407 1480 Faustina,
425 1407 662 1488 turpitudinum
677 1407 739 1473 sibi
751 1407 962 1476 hereditatem
978 1407 1234 1476 transmiserant:

114 1499 281 1561 matronae
304 1494 508 1572 christianae,
533 1495 711 1562 clarissimo
727 1497 914 1580 Scipionum
929 1501 963 1562 et
977 1496 1149 1562 Fabiorum
1163 1513 1237 1561 san·

96 1610 98 1614 ·
114 1584 213 1664 guina
228 1584 369 1666 genitae,
382 1584 490 1661 Paula,
505 1585 645 1661 Fabiola,
656 1586 807 1662 Melania,
822 1590 889 1653 tum
901 1587 990 1668 ipsae
1000 1585 1234 1668 imperatrices,

113 1672 246 1750 Helena,
264 1672 426 1749 Flaccilla,
442 1673 623 1749 Pulcheria,
641 1674 710 1757 pias
725 1674 836 1741 domos
853 1675 1031 1750 aedificare,
1050 1679 1083 1739 et
1098 1673 1237 1740 infirmis

113 1761 163 1826 rel
178 1763 367 1845 pauperibus
380 1763 548 1838 inservire,
563 1763 736 1844 gloriosum
751 1764 919 1839 habebant.
937 1765 1011 1844 lpse
1024 1762 1163 1829 lulianus
1174 1762 1237 1831 im·.

114 1856 254 1932 perator,
271 1849 461 1916 Christianis
476 1851 719 1928 infensissimus,
730 1853 770 1918 ad
781 1853 949 1920 Arsacium
962 1851 1148 1934 pontificem
1159 1850 1238 1916 scri·

114 1937 203 2014 bens,
228 1940 415 2006 imitandam
437 1942 634 2022 proponebat
649 1941 902 2008 Christianorum
924 1941 1126 2016 charitatem,
1145 1960 1163 2001 a
1180 1942 1236 2023 qui

113 2024 425 2114 (conquerebaturlet
436 2047 507 2095 suos
518 2029 666 2098 nutriunt
680 2045 846 2126 pauperes,
860 2035 893 2096 et
909 2034 1035 2096 nestros
1046 2047 1065 2096 a
1077 2029 1168 2094 nobis
1182 2030 1238 2095 de-

113 2116 255 2182 relictos.
275 2139 293 2182 »
310 2118 481 2184 Praeerant
502 2119 589 2184 hisce
604 2118 859 2186 institutionibus
881 2118 1002 2193 clerici,
1027 2117 1178 2201 episcopi,
1203 2123 1237 2184 et

114 2222 193 2286 prae
208 2207 354 2274 omnibus
369 2207 504 2274 Romani
516 2207 700 2283 Pontifices,
718 2209 804 2274 inter
814 2227 893 2292 qnos
904 2207 1089 2274 Anastasius
1101 2209 1116 2273 l
1129 2207 1237 2289 appel-

115 2292 200 2361 latur
215 2313 234 2359 a
247 2313 274 2359 s.
291 2295 488 2380 Hieronymo
502 2317 520 2357 o
534 2297 583 2362 vir
597 2297 772 2364 ditissimae
787 2295 983 2380 paupertatis
998 2300 1031 2361 et
1046 2295 1237 2379 apostolieae

114 2382 354 2448 sollicitudinis:
374 2407 391 2448 n
413 2389 566 2466 quatenus
590 2403 811 2466 personarum,
828 2392 862 2452 et
876 2387 1035 2452 bonorum
1057 2402 1137 2467 quae
1151 2383 1237 2449 indi·

114 2471 261 2553 gentium
276 2467 421 2554 personis
436 2474 711 2557 impendebantur,
726 2492 835 2540 curam
851 2491 957 2558 agere,
971 2473 1190 2541 sollicitudinis
1196 2490 1238 2564 ¹e·

113 2561 283 2642 postolicae
297 2581 410 2640 munus
425 2567 507 2628 erat.
1043 2613 1047 2621 -

207 2651 286 2716 Xll.
303 2651 430 2733 Religio
446 2668 550 2716 sacms
564 2651 716 2718 divitibus
730 2652 849 2718 lecerat
872 2668 1026 2734 pauperes
1040 2657 1074 2717 et
1088 2650 1235 2732 miseros,

115 2735 239 2805 Christi
253 2740 396 2823 exemplo
409 2739 463 2822 qui
474 2740 575 2805 laetus
588 2741 693 2808 iuerat
707 2759 825 2824 pauper
837 2746 869 2807 et
883 2741 992 2817 miser,
1010 2757 1106 2806 unam
1122 2759 1195 2806 cum
1210 2741 1238 2804 i·

116 2826 181 2910 psis
200 2845 367 2910 personam
383 2829 533 2894 efficiens:
553 2850 570 2890 «
589 2829 747 2910 Quamdiu
762 2830 882 2896 lecistis
896 2831 953 2894 uni
968 2847 1008 2895 ex
1022 2830 1073 2895 bis
1088 2827 1239 2896 iratribus

116 2916 275 2992 minImis,
293 2917 379 3006 mihi
389 2918 508 2983 lecistis
523 2915 573 3003 (b).
594 2942 611 2982 a
627 2921 665 2984 ln
680 2937 775 3002 quem
790 2919 904 2984 deinde
919 2919 1124 3000 respexerant
1139 2919 1193 3001 qui
1205 2935 1239 2984 se

117 3006 157 3071 de
168 3005 353 3072 eiusschola
365 3007 604 3089 profiterentur:
615 3028 632 3068 c
642 3008 1154 3090 lnhoccognovimuscharitatem
1162 3007 1237 3082 Dei,

196 3181 237 3256 (c)
252 3183 441 3241 conterantur:
455 3184 655 3257 Tromssrans,
666 3183 702 3242 de
713 3187 805 3244 celest
818 3190 845 3243 et
854 3199 931 3242 noea
941 3181 1093 3241 Ecclesiae
1104 3179 1240 3256 discipli·

117 3275 171 3327 ne,
187 3266 254 3317 tom.
271 3259 321 3332 lll,
331 3258 378 3315 lib.
387 3260 433 3332 IV,
448 3275 474 3317 c.
486 3261 522 3316 43
536 3267 590 3318 etc.
600 3289 638 3306 ·-
647 3263 732 3333 lirin,
744 3263 893 3338 Biensatts
905 3258 941 3316 de
953 3257 986 3328 le
995 3257 1122 3332 religion
1131 3257 1238 3332 ebret,

117 3337 166 3393 ch.
184 3339 212 3408 3,
228 3350 257 3389 n.
274 3336 310 3391 29
324 3340 379 3392 ete.
395 3361 434 3378 -
446 3336 577 3410 Brncrrn,
595 3339 675 3393 Dict.
694 3335 800 3402 Theoi..
815 3341 868 3392 art.
885 3338 931 3392 He
951 3339 1050 3391 etaim.
1063 3357 1102 3378 -
1116 3334 1238 3402 Nasum,

117 3415 179 3469 Des
191 3410 401 3484 cbonpemeuts
419 3411 520 3486 operes
537 3411 616 3470 dans
634 3409 904 3470 l'odmlntstrotion
943 3407 1113 3483 el'empire,
1129 3414 1197 3465 tom.
1216 3411 1237 3480 Ι,

154 3503 174 3562 g
196 3561 257 3618 Alia
271 3575 348 3632 vera,
363 3561 415 3618 alia
428 3560 464 3618 ad
477 3561 633 3620 historicam
645 3561 788 3619 veritatem
802 3575 976 3634 nequaquam
987 3564 1083 3616 exacta
1096 3556 1177 3616 habet
1187 3560 1240 3616 bs·

120 3652 246 3694 cerauno
260 3637 287 3694 in
301 3651 396 3708 opere:
414 3640 458 3693 De
468 3635 501 3693 la
514 3638 715 3714 biensoisance
725 3635 874 3712 pactique.
890 3637 1005 3693 Fatetur
1015 3633 1058 3692 ille
1070 3633 1147 3708 (tom.
1156 3635 1200 3706 Ν,
1210 3635 1236 3690 ³1.

119 3712 220 3784 partie)
236 3712 381 3783 hospitalia
394 3711 611 3769 ecclesiasticam
631 3712 735 3769 relerre
749 3711 957 3778 institutionem,
973 3716 1050 3768 errat
1063 3720 1128 3766 vcro
1142 3710 1239 3766 existi·

120 3803 202 3844 mans
212 3788 335 3860 antiquos
346 3787 472 3859 publicae
484 3787 589 3844 utilitati
597 3803 646 3860 per
651 3787 897 3862 hospitalitatem,
905 3784 1131 3844 oaldudlnerie
1141 3790 1169 3841 et
1178 3799 1242 3841 ser·

120 3867 246 3920 vitutem
254 3863 434 3920 consuluisse.
442 3865 510 3920 Nam
522 3863 785 3935 l.bospitaliiaslere
793 3870 939 3919 evanuerat
947 3859 1020 3933 apud
1029 3860 1160 3917 cultiores
1171 3875 1240 3932 gen·

120 3945 176 4010 tes,
192 3940 313 3996 Graecos
327 3944 355 3995 et
368 3940 513 3995 Romanos.
527 3942 555 3996 2.
566 3939 780 4010 Valetudinaria,
792 3939 825 3995 de
837 3937 934 4012 quibus
944 3941 1047 3994 Seneca
1060 3941 1088 3992 et
1100 3933 1238 3991 Columel-

121 4011 159 4083 la,
176 4029 256 4071 raras
270 4014 537 4084 opulentissimorum
557 4014 654 4072 domos
675 4015 868 4088 sequebantur,
885 4014 971 4085 iisque
989 4017 1096 4068 tantum
1111 4011 1241 4067 inservie-

121 4087 199 4145 bant.
217 4092 245 4145 3.
262 4090 340 4151 Servi
360 4096 453 4146 autem
467 4091 490 4146 si
504 4091 563 4146 sani
576 4096 605 4147 et
617 4089 805 4146 benevolentes
818 4089 874 4145 lere
891 4103 940 4159 pro
956 4088 1043 4144 brutis
1057 4085 1240 4158 habebantur,

121 4163 188 4236 quid
201 4165 278 4236 aegri
291 4171 320 4222 et
333 4164 448 4221 infirmi?
457 4166 597 4237 Ceterum,
610 4163 750 4223 concludit
759 4170 864 4221 auctor:
884 4185 895 4214 o
908 4163 1107 4220 Beneficentiae
1121 4161 1242 4217 instituta

121 4238 197 4309 apud
206 4248 325 4312 veteres,
335 4241 492 4311 imperfecte
504 4240 650 4297 admodum
661 4240 861 4309 respondebant
873 4240 1007 4295 societatis
1021 4236 1241 4307 necessitatibus,

122 4314 212 4386 qualis
224 4321 292 4372 tunc
304 4315 400 4374 aderat
416 4337 427 4367 n
446 4315 531 4390 (Tem.
544 4317 594 4387 ill,
609 4331 636 4386 p.
654 4314 730 4386 atil.
749 4315 815 4372 Vide
830 4319 956 4372 Pouaotr
968 4314 1010 4370 du
1024 4315 1107 4385 Pape
1119 4328 1161 4369 ao
1181 4328 1243 4369 mo·

122 4405 180 4520 ἵεπ
193 4405 258 4464 ape,
274 4407 302 4462 p.
318 4392 479 4462 129.Paris‚
498 4393 646 4448 1845.Nec
657 4407 722 4446 non:
736 4394 865 4447 Histoire
875 4389 911 4446 de
921 4389 955 4446 lc
971 4385 1243 4461 chemtmerice

135 4481 164 4523 es
178 4472 287 4539 quatre
299 4471 445 4542 premiere
458 4465 559 4526 siecle:
572 4467 609 4524 de
621 4467 690 4524 l'ere
703 4465 880 4522 abrettenne.
895 4466 981 4538 Paris,
1000 4464 1084 4522 tels.
1199 4534 1204 4546 .
1226 4535 1231 4545 .

200 4542 237 4616 ibt
252 4544 374 4616 Legatur
387 4543 516 4600 llattbaei
535 4549 619 4615 caput
633 4542 704 4599 xxv
724 4541 887 4598 eversiculo
902 4544 934 4598 31
950 4540 1091 4609 adfinem,
1108 4551 1162 4609 quo
1177 4534 1243 4592 nibil

126 4615 231 4674 dicetur
244 4620 364 4697 suavius,
379 4619 530 4696 efficacius,
543 4618 770 4694 magnificentius,
786 4615 821 4676 ad
834 4615 1005 4675 excitandam
1020 4614 1191 4672 charitatem.
