3222 5282
1162 295 1198 354 ΧΙ

124 446 233 514 dones
244 449 278 512 et
290 443 505 510 firmamenta.
513 441 619 524 Quum
626 444 733 509 autem
742 457 901 526 praesens,
912 458 973 528 qua
988 438 1134 510 homines
1146 451 1182 514 et
1191 465 1250 534 po·

122 554 192 640 puli
206 549 357 626 fruimur,
373 547 537 614 urbanitas
547 551 581 614 et
596 546 744 622 civilitas,
760 565 821 613 non
835 550 968 614 naturae
978 547 1171 632 simpliciter
1182 553 1250 618 iru-

122 669 195 730 ctus
209 658 266 734 sit,
283 656 338 722 sad
353 659 549 730 restauratae
563 671 621 738 per
635 650 841 734 Evangelium
857 658 1003 732 naturaes
1026 655 1107 719 nibil
1122 656 1186 722 iam
1202 657 1250 722 al-

123 761 307 832 firmabitur
327 759 442 826 clanim
456 759 504 826 vel
518 755 669 834 securius,
695 770 791 839 quam
813 775 871 823 nos
886 757 1036 842 paulatim
1051 758 1090 824 ad
1106 759 1251 827 ethnico·

121 888 196 936 rum
208 883 387 945 reversuros
401 864 600 939 caecitatem,
615 879 675 946 qua
689 879 753 928 non
770 861 1018 946 placidissimum
1027 863 1178 932 Numinis
1189 866 1251 932 im·

121 973 262 1060 perium,
278 970 334 1036 sed
350 968 447 1035 bomo
462 969 496 1034 in
513 967 677 1034 bominem
691 967 934 1046 dominabatur,
952 969 1015 1034 nisi
1030 969 1071 1034 ad
1081 970 1134 1036 lus
1148 971 1252 1040 Evan-

123 1079 276 1163 gelicum,
293 1077 363 1142 iura
379 1073 523 1157 gentium
540 1073 590 1140 vel
605 1074 814 1140 emendentur
827 1073 876 1140 vel
894 1073 1125 1141 describantur.

74 1201 77 1206 ·
213 1179 812 1264 Excellentissimumhoc,priaataect
825 1178 968 1263 publicae
981 1177 1253 1263 lurispmdentiae

120 1286 351 1356 restaurandae
365 1303 466 1367 opus,
483 1284 525 1349 ad
539 1283 714 1368 perfectam
728 1281 814 1348 illius
828 1283 945 1348 mentis
962 1282 1122 1349 rationem
1137 1302 1176 1350 ex
1191 1305 1252 1370 qua

119 1393 193 1458 iura
204 1391 314 1456 omnia
325 1390 500 1473 prolluunt,
518 1389 630 1473 quibus
645 1387 751 1485 aptius
766 1404 862 1473 quam
874 1387 986 1464 Vobis,
1000 1385 1182 1455 Catholicae
1191 1391 1251 1459 Ur-

122 1497 173 1562 bis
185 1494 276 1572 Filii,
293 1490 581 1560 commendabibrrt
589 1491 687 1559 Vobis
698 1491 822 1574 ingenii
838 1490 919 1558 vires
930 1491 1069 1557 traditae
1079 1497 1182 1559 sunta
1196 1512 1251 1560 na·

120 1608 207 1676 tura,
225 1600 260 1665 ni
275 1596 450 1666 lortebaeo
462 1596 580 1663 nonsit
594 1596 789 1680 tellus,quae
802 1593 990 1666 Ciceronem
1006 1597 1159 1662 naturdis
1176 1617 1251 1682 pru-

119 1706 251 1772 dentiae
264 1709 402 1788 patrem,
420 1703 545 1786 aliaque
567 1701 691 1784 ingenii
707 1699 828 1765 lumina
851 1699 938 1775 tulit,
957 1717 1038 1784 quae
1060 1705 1131 1768 toto
1147 1702 1249 1770 adbuc

120 1811 201 1876 orbe
214 1810 438 1888 inclarescunt,
454 1807 570 1873 Vestra
584 1811 645 1884 est,
662 1804 832 1872 dummodo
847 1804 1028 1887 colligatur,
1052 1809 1103 1872 tot
1118 1811 1250 1892 tamque

117 1915 467 2000 praestantissimorum
478 1910 653 1996 suppellex,
660 1909 748 1976 cuius
757 1909 806 1975 vel
817 1909 985 1994 particula,
995 1909 1058 1975 alia
1069 1927 1148 1993 gens
1160 1931 1247 1979 sum-

119 2038 255 2102 mopere
271 2019 455 2087 laetaretur.
465 2016 550 2099 Quid
563 2014 685 2082 dicam?
696 2015 811 2082 Nonne
826 2014 861 2079 in
877 2014 983 2081 medio
998 2014 1095 2082 vestri
1107 2016 1162 2082 illa
1172 2037 1249 2088 eon·

116 2130 185 2191 stat
196 2123 304 2200 Sedes,
313 2141 394 2206 quae
405 2121 587 2190 dumtotius
598 2126 647 2188 ast
662 2119 749 2187 orbis
763 2123 867 2185 mater
881 2125 915 2185 et
929 2119 1093 2203 magistra,
1102 2123 1168 2190 Vos
1180 2129 1249 2211 pri-

118 2247 212 2294 mum
224 2227 377 2296 divinitus
388 2228 486 2302 louet,
498 2244 613 2292 nomen
630 2229 767 2291 vestrum
779 2225 926 2306 gentibus
937 2225 1035 2293 infert
1046 2234 1250 2312 spectandum

118 2339 156 2399 et
171 2333 350 2409 colendum,
368 2334 542 2417 urbemque
557 2336 693 2397 vestram
704 2329 884 2409 christiani,
903 2330 1006 2396 civilis
1021 2350 1136 2416 nempe
1147 2340 1248 2417 orbis,

116 2437 304 2522 principatu
318 2437 408 2504 auxit
423 2444 518 2524 atque
532 2435 721 2501 adornavit?
745 2436 783 2500 ln
798 2435 864 2502 Vos
879 2435 980 2519 igilur
1000 2439 1145 2504 omnium
1165 2447 1250 2512 oculi

115 2546 361 2619 convertuntur,
379 2541 517 2610 Romani
534 2541 770 2607 Adolescenaesz
780 2540 858 2616 Vos,
875 2547 913 2608 ut
926 2541 1045 2624 aliquid
1053 2545 1165 2623 Roma,
1176 2568 1247 2616 sua.

117 2663 182 2730 que
198 2647 418 2730 expectatione
438 2647 570 2730 dignum
587 2643 770 2728 inspiciant,
788 2646 915 2713 efficite.
932 2645 996 2712 Sed
1017 2648 1093 2730 quid
1110 2649 1249 2722 nobilius

117 2750 169 2816 vel
185 2750 354 2832 gloriosius
369 2750 526 2826 efficietis,
535 2767 630 2834 quam
641 2753 678 2816 ut
689 2748 743 2813 ubi
750 2748 842 2814 Fidei
852 2749 954 2827 sedes,
970 2749 1045 2817 binc
1060 2770 1184 2836 quoque
1194 2757 1250 2825 Sa.

117 2853 263 2936 pientiae
273 2855 361 2920 sedes
370 2855 525 2922 latissime
534 2855 732 2921 dominetur?
742 2855 904 2939 Numquid
919 2855 1033 2938 religio
1046 2857 1115 2923 sina
1126 2863 1250 2944 sapien·

117 2957 180 3033 tia,
198 2974 239 3022 an
254 2959 411 3043 sapientia
426 2960 495 3026 siue
511 2958 666 3042 religione
681 2960 934 3044 permanebunt?
948 2961 1019 3028 Etsi
1035 2981 1109 3029 vero
1124 2967 1250 3050 sapien·
1326 2955 1328 2962 ’

115 3063 178 3137 tia,
196 3064 313 3128 nullius
326 3065 429 3140 urbis,
450 3066 505 3130 sed
524 3064 612 3131 orbis
626 3063 730 3130 incola
745 3069 780 3130 et
794 3065 872 3131 ciris
886 3066 947 3142 sit,
965 3069 1118 3152 numquid
1139 3075 1247 3140 tamen

117 3167 186 3230 alia
200 3167 271 3232 urbs
284 3168 424 3251 dignior,
437 3186 499 3252 qua
511 3169 618 3234 divina
633 3167 832 3252 bumanaque
847 3167 1096 3252 iurisprudentia
1111 3178 1245 3244 arctiori

118 3269 250 3337 loedere
265 3274 511 3340 consocientur?
533 3276 618 3341 Num
633 3272 785 3340 excelsius
807 3275 979 3358 imperium
994 3276 1177 3364 bominibus
1192 3283 1247 3349 da-

116 3380 201 3451 tum,
220 3394 315 3458 quam
329 3384 366 3444 ut
376 3379 519 3444 eiusdem
527 3383 690 3446 consortes
705 3382 849 3456 naturae,
866 3380 946 3446 iuris
957 3399 1081 3467 quoque
1096 3386 1248 3456 societate

116 3482 376 3561 reganturtblibi
387 3485 514 3567 quidem
527 3485 554 3549 si
566 3485 663 3552 aliam
675 3485 737 3552 loci
750 3486 887 3569 patriam
902 3505 971 3554 sors
985 3489 1108 3566 attulit,
1118 3492 1153 3558 in
1165 3494 1247 3562 banc

115 3585 197 3649 iuris
211 3587 359 3671 patriam,
377 3589 586 3658 invictissima
600 3609 783 3660 rourrrrors
794 3591 992 3675 benignitate
1004 3595 1156 3673 adscitus,
1170 3600 1245 3668 dum

114 3689 176 3754 bae
192 3691 280 3756 fruar
295 3694 375 3769 luce,
393 3681 494 3772 illam,
512 3695 640 3782 Vosque
654 3697 762 3775 simul,
780 3697 965 3764 totocorde
980 3701 1169 3782 amplectar,
1188 3724 1247 3771 nec

114 3794 282 3862 dimittam
297 3796 351 3884 (a).

206 3900 331 3980 Valete,
348 3905 480 3972 Iuvenes
499 3905 723 3990 spectatissimi
735 3923 772 3982 ac
783 3906 1058 3977 desideratissimi.
1075 3913 1136 3980 Rei
1148 3933 1245 3996 quam

114 4007 211 4088 agitis
222 4008 394 4092 diligenter
404 4013 592 4091 incumbite,
606 4015 785 4099 perdurate,
795 4013 1054 4085 intendite.Nam
1066 4018 1162 4086 «sine
1177 4026 1246 4088 stu·

113 4109 168 4175 dio
185 4115 218 4177 et
241 4113 354 4180 ardore
373 4117 511 4200 quodam
525 4119 660 4196 amoris,
678 4119 713 4184 in
737 4118 802 4185 rita
817 4118 897 4186 nibil
916 4121 1085 4206 quicquam
1101 4123 1139 4188 lit
1154 4141 1245 4208 egre-

195 4272 237 4345 la)
254 4296 266 4326 a
283 4275 377 4352 ltaque
390 4294 453 4337 cuna
467 4281 530 4340 o'rtu
543 4281 715 4342 Tusculanus
728 4289 812 4357 asset,
828 4284 934 4342 civitate
944 4283 1092 4359 Romanus,
1104 4285 1247 4345 babuital·

116 4368 204 4421 teram
218 4363 277 4426 loct
289 4369 418 4445 patriam,
442 4369 558 4431 alteram
572 4378 660 4433 torta.
674 4373 718 4431 Sic
732 4389 782 4432 nos
794 4380 824 4431 et
835 4388 896 4431 eam
909 4375 1028 4447 patriam
1041 4374 1185 4450 ducimus,
1201 4379 1247 4436 ubi

117 4454 187 4528 natm
201 4453 317 4515 stillam
331 4475 390 4532 qua·
398 4464 506 4534 excepti
519 4479 624 4522 sumus.
639 4463 730 4523 bulcls
744 4469 837 4522 autem
851 4465 1245 4542 nonmultosecusesteaquac

117 4547 223 4623 genuit,
238 4561 320 4622 quam
333 4551 378 4612 illa
391 4567 461 4628 quae
473 4557 579 4630 excepit
592 4556 672 4632 (Cre,
688 4559 732 4616 De
745 4559 825 4633 Lep,
840 4556 876 4633 ll,
893 4555 941 4632 2).
959 4579 971 4610 r
