3222 5282
584 315 716 376 risores
733 317 767 373 rr.
1143 301 1183 372 ai

129 517 131 521 -
198 461 297 542 Nam,
316 481 335 532 e
352 471 493 534 vetertan
512 465 630 552 legibus
647 490 710 535 non
722 487 833 554 pauco,
847 467 1008 535 hodiernis
1019 468 1119 536 adhuc
1132 471 1231 535 mori·
1321 489 1325 500 ·

110 549 171 621 bus
186 558 364 635 laudantur,
384 573 583 640 quaecamm
598 565 743 626 auctores
755 576 794 627 ex
806 565 935 632 naturae
951 559 1037 626 ionte
1052 560 1233 643 depromso

111 652 200 712 rant.
214 646 276 714 Sed
292 645 356 710 iam
368 646 435 712 iere
446 650 515 713 tota
530 647 733 730 antiquorum
748 649 814 714 laus
825 649 858 713 in
873 652 1008 713 romano
1023 647 1092 712 iure
1103 649 1231 713 conclu-

112 731 216 801 ditur.
235 728 285 800 llii
301 734 409 816 itaque
423 735 548 800 romani
571 735 789 813 iureconsulti,
805 736 859 820 qui
875 737 1113 802 Institutionum
1134 737 1230 804 initio

111 824 164 889 ius
179 827 311 889 naturae
326 823 410 888 hand
424 827 511 888 recte
522 823 750 907 descripserant
761 829 844 908 qood
854 834 973 890 omero
983 826 1091 891 oemio
1105 826 1232 891 neimo-

108 912 159 977 lia
173 913 277 978 domn
288 911 333 998 (in
349 913 441 978 irmta
453 912 641 988 animantia,
659 915 793 980 rationis
809 919 843 983 et
855 914 1008 982 libertatis
1019 914 1154 993 deiectu,
1174 933 1231 980 nec

70 1004 74 1012 '
109 1003 162 1066 ius
177 1002 262 1067 cadit
278 1017 335 1065 nec
351 999 490 1085 iniuriat
505 1002 583 1067 illud
595 1008 700 1069 tamen
713 999 789 1069 alini
804 1003 971 1070 definiunt:
985 1006 1068 1087 qood
1077 1003 1160 1068 ratio
1171 1019 1231 1068 no·

108 1089 229 1155 taralis
243 1092 326 1155 inter
341 1106 447 1155 omncs
456 1089 597 1157 laomim
611 1094 782 1171 eomtttote
791 1123 808 1142 -
818 1089 901 1176 puori
911 1094 1020 1158 dloioo
1030 1093 1231 1174 procidentia

109 1181 197 1244 inter·
212 1197 318 1244 omnes
333 1179 471 1244 homines
486 1181 686 1246 constitutum
701 1186 871 1265 rst5-puod
885 1199 956 1246 cem
970 1183 1109 1246 honrem
1119 1200 1231 1265 gessere
1364 1227 1369 1234 -

107 1269 265 1353 mmmm
287 1269 388 1348 coepit
404 1266 446 1351 1).
464 1268 626 1335 Naturalis
642 1275 676 1336 et
693 1272 817 1336 romani
841 1271 1135 1349 iurisattlnitatem,
1155 1271 1229 1338 licet
1292 1286 1315 1360 r)
1337 1291 1367 1344 n.
1384 1291 1412 1363 a,
1434 1288 1476 1356 li,

106 1357 300 1440 quandoque
323 1357 474 1439 usquead
489 1359 761 1439 superstitionem,
788 1366 918 1444 uterque
934 1359 1094 1434 Cocceius
1113 1361 1230 1444 aliique
1251 1361 1298 1420 tin.
1321 1367 1346 1439 t,
1368 1365 1411 1422 tit.
1435 1366 1475 1437 i.;

105 1444 513 1529 plurimideclaraverunt.
523 1447 659 1514 Necalia
670 1466 745 1514 sane
753 1449 890 1524 ratione,
902 1449 1021 1532 legibus
1028 1449 1124 1514 latius
1135 1467 1230 1533 quarn
1250 1438 1311 1496 alini
1325 1441 1436 1513 passim.

107 1536 221 1608 armis,
238 1535 377 1601 Romani
392 1533 548 1600 dominati
565 1543 650 1614 sunt,
669 1537 731 1602 nisi
746 1538 820 1620 quia
836 1539 921 1604 nulla
934 1538 995 1602 alia
1008 1555 1095 1620 gens,
1109 1538 1230 1620 privata

111 1623 304 1704 reipublice
321 1624 392 1688 iura
406 1625 542 1705 pressius
558 1626 596 1690 ad
612 1630 757 1692 naturam
773 1625 993 1711 expresserat(
1013 1624 1035 1708 ).

206 1713 313 1778 XVll.
330 1711 514 1795 Philosophi
530 1715 688 1780 rationem
702 1733 760 1800 pro
776 1715 1047 1798 lcgehahuerunt,
1061 1714 1147 1779 illam
1162 1733 1231 1780 mo-

110 1800 332 1876 donaturam,
357 1801 453 1866 modo
467 1801 615 1869 Numinis
638 1804 807 1888 imperium
830 1803 1032 1888 appellantes,
1056 1803 1230 1888 Chrysippo

110 1890 299 1971 profitente:
315 1909 333 1950 c
349 1890 547 1972 Principium
559 1893 644 1957 aliud
659 1911 724 1976 non
737 1911 828 1976 posse
840 1893 989 1968 inveniri,
1006 1897 1061 1958 aut
1074 1893 1231 1974 originem

108 1979 265 2053 iustitiae,
283 1995 377 2061 quam
393 1979 432 2043 ah
447 1979 522 2044 loce
537 1989 566 2045 et
580 1983 738 2047 commoni
753 1991 885 2048 notura:
902 1982 977 2046 inde
998 1983 1086 2047 enirn
1101 1981 1230 2046 initium

108 2066 186 2132 duci
202 2067 327 2143 dehere,
344 2067 399 2132 uhi
415 2067 454 2132 de
468 2067 572 2144 bonis,
591 2072 719 2137 malisve
740 2064 954 2136 disserendum
969 2075 1019 2137 est
1033 2067 1078 2156 2).
1102 2093 1120 2133 »
1137 2070 1230 2136 Philo
1249 2125 1262 2176 t
1289 2043 1315 2118 ²)
1326 2043 1475 2178 Aiflgfll·

108 2157 171 2222 ait:
187 2175 205 2215 rr
219 2158 351 2222 Rectam
363 2156 520 2223 rationem
532 2173 600 2224 esse
610 2160 711 2241 legem
722 2159 852 2227 mentiri
867 2161 1015 2235 nesciam,
1027 2163 1138 2242 utpote
1149 2177 1230 2242 quae
1251 2125 1381 2272 Ᾰζὲζέθ
1420 2136 1475 2177 ⁰²⁶'

109 2245 153 2310 ah
169 2245 343 2309 immortali
358 2254 477 2310 notare
491 2247 646 2332 insculpta
661 2249 704 2316 sit
719 2249 892 2315 immortali
908 2249 1095 2315 intellectui.
1115 2249 1230 2314 aldem

109 2353 180 2400 esse
193 2351 305 2416 parere
321 2334 437 2400 rationi
452 2353 489 2400 ac
502 2353 613 2419 parere
624 2338 704 2415 Deo,
719 2340 854 2404 affirmat
864 2339 1024 2404 llierocles
1036 2338 1070 2402 in
1081 2335 1231 2404 Carmine

108 2423 428 2506 aurcoPythagorae:
444 2425 616 2501 «Etenim,
632 2433 742 2493 natura
755 2446 834 2510 quae
848 2427 981 2493 rationis
996 2432 1043 2493 est
1059 2425 1228 2510 particeps,

108 2531 185 2578 cum
202 2512 401 2601 splendorem
417 2531 519 2588 suurn,
538 2531 688 2598 suamque
703 2519 804 2584 lucem
823 2516 938 2582 sortita
952 2520 1012 2592 est,
1031 2533 1067 2582 ea
1082 2515 1149 2598 ipsa
1163 2533 1231 2581 am-

107 2601 264 2685 plectitur
286 2618 366 2683 quae
380 2601 488 2667 divina
505 2603 694 2680 {exstatura
718 2623 774 2670 nec
788 2607 942 2687 discrepat
957 2623 978 2670 o
992 2605 1053 2671 Dei
1075 2606 1229 2671 sententio

108 2693 255 2766 animare,
272 2690 327 2773 qut
341 2693 510 2756 secondum
525 2691 628 2758 Deum
643 2711 674 2758 re
688 2694 787 2760 halet.
807 2696 990 2770 alaudem,
1008 2711 1087 2779 quae
1102 2694 1231 2776 perbre-
1277 2765 1278 2771 χ

109 2779 159 2844 ris
174 2784 209 2845 et
224 2779 407 2862 gravissima
429 2785 477 2846 est
493 2779 630 2848 Senecae
644 2785 812 2849 sententia:
832 2805 849 2844 rr
866 2785 987 2852 Natura
1011 2802 1067 2849 nos
1081 2789 1231 2866 cognatos
1262 2798 1266 2803 ·

110 2869 229 2943 edidit:
247 2868 301 2932 illa
317 2886 464 2952 aequum,
481 2869 660 2954 iustumque
674 2873 866 2954 composuit;
881 2890 920 2938 ex
932 2873 1017 2937 illius
1029 2872 1232 2939 constitutio-

111 2976 155 3022 ne
169 2958 319 3022 miseritis
334 2966 377 3022 est
391 2975 501 3024 nocere
515 2978 611 3042 quom
627 2961 708 3025 laedi
724 2958 767 3045 3).
1289 2947 1474 3026 Militi-9⁵·

125 3072 130 3078 ·
205 3046 577 3131 xviiismamequsm
590 3054 692 3115 esseut
700 3049 892 3134 philosophi,
903 3051 952 3115 vel
965 3049 1047 3133 leges
1059 3050 1232 3116 conderen-

110 3140 178 3210 tur,
192 3153 303 3200 omnes
313 3141 423 3218 gentes
434 3136 495 3202 hoc
506 3139 641 3203 naturali
649 3139 758 3203 codice
768 3157 844 3203 usae
854 3143 940 3204 sunt.
952 3135 1130 3222 Dc'Scythis
1142 3139 1227 3215 enim

112 3225 162 3289 ait
174 3225 324 3290 lustinus:
339 3245 357 3284 «
371 3226 495 3291 lustitia
510 3227 614 3307 gentis
625 3227 763 3309 ingeniis
777 3228 902 3302 colitur,
916 3226 1128 3310 non·legibus;
1139 3246 1231 3310 pror-

108 3331 164 3378 sus
179 3318 215 3378 ut
229 3313 416 3379 admirabile
430 3315 584 3391 videatur,
601 3315 663 3382 hoc
678 3315 742 3380 illis
757 3320 902 3381 naturam
918 3315 1004 3391 dare,
1022 3315 1106 3398 quod
1117 3315 1230 3383 Graeci

110 3403 206 3483 longa
221 3403 411 3486 sapientium
426 3403 584 3480 doctrina,
600 3405 837 3488 praeceptisque
848 3404 1107 3488 philosophorum
1122 3423 1230 3472 conse-
1285 3429 1311 3506 r)
1321 3435 1396 3492 mg,
1422 3431 1469 3490 pp,

108 3491 165 3574 qui
181 3496 342 3576 nequeunt
355 3489 388 3577 la)
406 3514 437 3558 u.
455 3494 503 3559 De
516 3493 630 3576 primis
644 3495 797 3562 Romanis
820 3495 917 3562 tradit
930 3493 1104 3562 Sallustius:
1124 3514 1141 3557 rr
1159 3497 1224 3573 lus,
1248 3508 1283 3585 ll,
1295 3525 1321 3567 c.
1338 3513 1365 3568 2.
1402 3477 1409 3509 '

189 3722 231 3805 (a)
245 3731 408 3804 Respectiva
427 3739 471 3791 est
484 3732 544 3791 laus
558 3732 665 3793 Codicis
678 3727 803 3792 Romani.
818 3735 926 3792 Primus
947 3735 1004 3806 ipse
1018 3733 1092 3791 iuter
1104 3732 1225 3793 ethnicas

107 3813 217 3879 gentes,
234 3814 263 3864 et
276 3807 354 3866 iacile
368 3810 486 3881 primum
501 3825 631 3869 romanae
645 3811 791 3881 sapientiae
805 3810 1064 3884 documentum,cui
1075 3826 1146 3867 nuuc
1156 3827 1225 3882 quo

109 3897 161 3956 que
177 3883 245 3939 iuris
258 3885 382 3958 magistri
391 3884 597 3959 diligentissime
609 3887 775 3944 incumbant·
783 3886 892 3959 Nullihi,
901 3888 972 3943 sicut
983 3887 1008 3942 in
1017 3886 1132 3959 Digestis
1144 3901 1225 3957 prae·

109 3959 216 4032 sertim,
233 3957 300 4016 adeo
315 3965 407 4017 rectae
420 3962 618 4032 principiorum
633 3960 822 4036 deductiones,
837 3967 918 4036 atque
929 3962 962 4019 ad
974 3977 1056 4018 casus
1067 3959 1187 4033 singulos
1197 3969 1225 4018 et
1283 4027 1285 4034 Α

108 4035 329 4093 circumstantias
343 4035 479 4110 legitimae
492 4037 697 4108 applicationes.
712 4039 768 4096 llon
788 4044 892 4112 tamen,
916 4038 938 4094 si
953 4036 987 4094 de
1002 4037 1142 4107 principiis
1157 4052 1223 4111 aga·

109 4115 166 4182 tur,
181 4125 276 4183 caeca,
292 4127 344 4168 nec
357 4114 442 4183 mnia,
458 4119 561 4186 quauta
575 4115 716 4187 utriusque
729 4114 825 4172 Coccei
839 4113 1008 4186 aliorumque
1018 4120 1060 4168 est
1071 4116 1165 4169 nostra
1176 4129 1224 4169 re·

108 4185 226 4242 naratio.
242 4187 279 4242 De
293 4191 464 4260 praepotenti
477 4188 639 4262 quandoque
649 4187 741 4262 legum
752 4197 780 4249 et
790 4188 968 4246 formularum
979 4189 1002 4245 ri
1015 4193 1111 4245 contra
1121 4189 1162 4244 ius
1173 4204 1222 4244 oa·

108 4260 207 4336 torale,
224 4259 348 4320 dccmus
361 4263 389 4320 in
398 4262 467 4321 libro
481 4264 614 4322 secundo.
625 4267 727 4324 Ferrea
737 4266 810 4338 apud
820 4267 955 4325 Romanos
965 4262 1112 4321 dominatio
1122 4263 1222 4334 Reipu-

107 4334 196 4394 blieae
209 4335 239 4392 in
252 4337 337 4412 cives,
352 4337 451 4396 civium
464 4339 490 4396 in
503 4337 627 4398 lumilias:
639 4340 712 4399 unde
726 4343 767 4398 ius
778 4343 913 4414 privatum
923 4347 952 4396 et
962 4338 1099 4411 publicum
1113 4339 1222 4396 divesa-

106 4410 217 4470 hantur.
230 4414 304 4482 Quae
318 4415 460 4487 aequiores
470 4415 649 4475 iureconsulti
659 4433 713 4475 non
723 4419 790 4476 satis
799 4416 1055 4488 animadvertentes,
1066 4428 1117 4471 nec
1128 4427 1221 4470 sanam

106 4483 244 4546 hactenus
254 4487 392 4548 dederunt
402 4491 652 4572 iurisprudantiam,
665 4509 716 4554 nec
726 4509 759 4552 es
769 4493 926 4568 evangelica
937 4491 1081 4566 aequitate,
1090 4496 1221 4563 quantum

108 4565 271 4641 potuissent,
288 4567 471 4639 proiecerunt.
