3228 5280
609 325 742 378 cnutus
757 327 792 374 x.
812 367 814 372 .
1108 309 1174 376 307

98 469 273 538 Pontifex?
288 469 356 535 Hoc
371 478 493 537 certum
509 477 557 538 est
572 492 612 538 ex
626 472 801 548 Leibnitio,
815 471 864 535 ius
879 469 955 536 illud
969 471 1111 539 divinum
1127 492 1220 538 euro·

101 579 242 642 pearurn
255 560 397 646 gentium
409 561 565 626 familiam
578 579 617 626 er
629 561 793 642 naufragio
805 559 978 636 abstulisse,
988 565 1080 644 atque
1092 564 1130 628 ad
1142 562 1221 628 iuris

101 657 140 716 et
153 649 340 714 concordiae
352 648 508 714 unitatem
523 649 716 732 perduxisse.
729 651 797 715 Hoc
809 649 930 729 pariter
944 650 1133 716 documenta
1144 667 1221 716 con·

100 739 250 809 firmant,
268 736 438 802 Pontifices
453 741 643 813 auctoritate
654 754 778 822 semper
792 754 864 803 usos
880 737 914 801 in
930 738 1049 802 iurium
1064 740 1221 804 detensio-

102 845 196 899 nem,
215 825 404 888 iniuriamm
419 830 525 891 autem
545 826 787 892 coercitionem:
805 826 883 891 adeo
899 831 933 891 ut
951 847 968 886 u
986 828 1055 892 iure
1070 829 1221 892 affirmari

101 916 221 997 possit,
239 932 278 977 ne
294 913 472 994 coemptum
487 917 610 997 quidem
625 932 687 980 esse
703 915 839 980 inomni
855 933 960 980 rerum
982 917 1148 992 memoria,
1166 915 1221 980 ubi

101 1003 259 1068 Pontifex
274 1003 464 1083 processerit
477 1005 622 1071 adversus
633 1021 687 1070 eos
698 1003 765 1086 qui,
780 1003 899 1068 iuribus
914 1005 977 1088 suis
994 1005 1222 1080 intenti-ultra

102 1092 230 1156 limites
245 1092 352 1171 vagari
368 1093 402 1155 iu
418 1092 560 1156 animum
574 1081 640 1157 non
650 1093 847 1158 induxerunt
863 1090 905 1176 1).
922 1115 939 1155 a
1252 1089 1467 1184 risenlenberg,

197 1180 272 1245 llll.
282 1177 321 1250 4.
336 1180 466 1246 Reactio
481 1181 614 1263 imperii
630 1181 663 1245 in
679 1182 865 1248 Ecclesiam.
883 1181 1070 1247 Doctrinam
1084 1199 1145 1263 qua
1161 1183 1223 1247 im·
1242 1164 1397 1260 adelbodus
1421 1185 1468 1249 ²³⁴·

103 1269 197 1351 peria
212 1268 385 1334 saecularia
400 1269 498 1334 veluti
512 1270 730 1335 emanationes
749 1270 1011 1336 existimabantur
1024 1271 1150 1336 divinae
1164 1289 1222 1355 po-
1240 1239 1373 1372 alequid&
1383 1241 1466 1372 ⁸3¹¹}

105 1358 235 1424 testatis
252 1374 310 1438 per
324 1357 510 1435 Ecclesiam,
528 1358 686 1441 principes
701 1359 763 1442 ipsi
779 1363 1027 1440 provocaverant
1042 1364 1136 1440 atque
1150 1377 1222 1426 san·
1242 1332 1469 1449 ἐπῄέαῗςῖνῗ

103 1451 233 1524 xerant,
241 1446 416 1528 utimperia
425 1447 492 1528 ipsa
501 1448 535 1510 iu
543 1448 733 1529 populorum
743 1447 1138 1529 aestimationequamdam
1146 1466 1222 1513 con·
1242 1482 1337 1541 mag,
1353 1471 1369 1531 g
1383 1468 1409 1520 a,

104 1535 318 1600 secretionem
335 1535 527 1617 acciperent.
545 1537 709 1602 Interdum
726 1541 832 1602 temen
849 1535 882 1599 in
899 1536 999 1611 illam,
1017 1542 1113 1619 atque
1127 1537 1161 1602 in
1177 1538 1222 1602 sic

104 1625 313 1690 constitutam
336 1624 533 1704 pontificiam
555 1625 778 1691 auctoritatem
798 1624 995 1700 nitebantur,-
1013 1625 1078 1689 iam
1098 1625 1223 1692 labente

108 1714 217 1779 medio
230 1731 319 1786 aevo,
332 1717 369 1777 ut
381 1713 415 1776 in
427 1713 575 1778 diuturna
590 1730 627 1777 ac
639 1713 914 1780 vehementissima
925 1714 1112 1795 quaestione
1123 1714 1162 1778 de
1173 1717 1224 1778 in-

107 1802 282 1878 vestituris;
293 1802 501 1882 imperatores
513 1803 667 1878 autem,si
678 1803 852 1868 connituto
864 1802 1012 1868 Pontifici
1024 1818 1059 1867 se
1070 1803 1225 1869 subiectos

107 1889 301 1964 fatebantur,
318 1891 351 1952 in
368 1889 424 1953 illo
439 1891 584 1972 eligendo
596 1896 629 1956 et
639 1890 865 1957 constituendo
877 1891 977 1956 varias
987 1891 1049 1955 sibi
1060 1895 1164 1973 partes
1175 1910 1225 1957 ar·

106 1982 309 2060 rogaverant.
325 1977 576 2061 Hincplurimae
591 1981 851 2054 concertationes,
869 1987 901 2046 et
921 1979 1102 2062 principum
1118 1986 1151 2046 et
1165 1982 1224 2044 im-

105 2073 301 2148 peratorum,
315 2085 387 2139 cum
402 2069 541 2134 Romana
554 2068 632 2135 Sede
644 2070 851 2152 explicantur.
865 2069 1016 2146 Tandem,
1031 2073 1166 2133 exeunte
1178 2071 1224 2134 vel

105 2156 229 2237 dilapso
241 2157 345 2220 medio
355 2173 440 2229 aevo,
448 2155 679 2226 baereticorum
691 2157 1067 2234 versutiaetrabularum
1075 2157 1224 2238 ignoran-

108 2247 167 2320 tia,
181 2246 340 2311 Romanos
351 2244 522 2309 Pontifices
534 2246 631 2311 veluti
643 2263 813 2328 regnorum
828 2247 1008 2328 iuriumque
1017 2246 1162 2312 civilium
1174 2247 1223 2312 in·-

108 2351 232 2399 vasores
244 2335 454 2398 tradiderunt.
466 2334 618 2399 Historici
634 2335 746 2400 deinde
761 2353 855 2419 quam
871 2335 1012 2417 plurimi,
1026 2338 1061 2399 ut
1076 2332 1221 2399 Claudius

107 2423 233 2506 Fleury,
246 2423 342 2504 etqui
355 2422 588 2488 exieuseuistis
599 2425 808 2506 prodiderunt
818 2423 957 2504 theologi
967 2425 1015 2489 vel
1026 2425 1219 2499 canonistas,

109 2512 232 2576 mediae
247 2512 361 2577 aetatis
375 2512 532 2594 publicam
545 2512 827 2594 iurisprudeutiam
844 2512 976 2576 minime
990 2512 1218 2593 intelligentes,

108 2600 157 2665 vel
170 2599 327 2665 malitiose
342 2601 578 2683 detorquentes,
597 2601 779 2683 principum
795 2601 990 2665 reactionem
1001 2601 1221 2666 inEcclesiam

109 2690 186 2753 totis
200 2688 318 2755 viribus
333 2690 441 2754 fovere
458 2689 922 2770 nisi,suut.·Nunquam-verior
937 2706 1031 2770 quam
1047 2690 1081 2752 in
1097 2690 1155 2754 hac
1171 2708 1218 2764 re,

109 2784 142 2842 et
153 2778 307 2842 levissima
324 2779 382 2844 hac
396 2783 512 2854 aetate,
526 2797 553 2844 s.
566 2778 756 2861 Hieronymi
772 2778 943 2842 sententia:
963 2797 981 2836 «
998 2778 1096 2844 Multi
1112 2778 1221 2842 lebun-

109 2871 163 2932 tur
173 2883 281 2931 errore
295 2875 428 2950 propter
442 2867 655 2948 ignorantiam
668 2866 832 2932 historiae.
850 2889 866 2930 »
880 2865 941 2932 Sed
952 2865 1029 2929 illud
1042 2866 1220 2931 iamdivina

109 2955 307 3037 providentia
315 2956 434 3020 iactum
441 2960 490 3020 est
501 2961 535 3020 ut
546 2960 757 3039 protestantes
765 2953 963 3035 ipsillliiller,
974 2955 1220 3029 Raumcr,.Wil-

111 3045 184 3119 lren,
202 3043 313 3126 Voigt,
331 3044 455 3120 lianke,
470 3045 600 3120 Eurter,
618 3043 787 3109 catholicos
810 3043 978 3107 nonnullos
992 3043 1075 3108 iusto
1100 3042 1219 3124 pudore

109 3132 334 3198 suffunderent.
352 3131 387 3197 si
403 3150 477 3198 vero
493 3133 612 3198 rabulis
626 3138 659 3198 et
674 3131 857 3198 lansenistis
872 3131 1021 3214 politicos
1037 3132 1130 3196 addas
1144 3131 1220 3196 ulti*

109 3239 177 3285 mae
189 3221 313 3295 aetatis,
323 3221 526 3300 constrictam
538 3223 637 3289 aciem
650 3221 834 3306 perspicies,
848 3220 980 3304 imperii
994 3221 1134 3296 nomine,
1149 3221 1218 3284 iura

109 3310 265 3375 Ecclesiae
280 3314 508 3393 proterentem.

195 3399 287 3465 vill.
306 3399 542 3465 enumeratus
557 3398 734 3484 lmperiiiu
749 3399 935 3465 Ecclesiam.
953 3397 1065 3464 Sedulo
1082 3397 1134 3461 hic
1146 3415 1217 3479 per-

107 3487 267 3569 pendenda
284 3505 429 3553 errorum
445 3488 553 3563 series,
570 3507 631 3572 qua
648 3488 740 3554 modo
755 3487 973 3562 eodemmodo
985 3486 1104 3561 invida,
1121 3486 1216 3550 modo

107 3575 463 3660 baeretiealisquaedam
474 3573 721 3658 iurisprudeutia
731 3594 788 3641 nos
800 3576 840 3639 ad
852 3575 1048 3658 propositam
1056 3574 1216 3640 Ecclesiae

108 3669 140 3729 et
151 3663 254 3729 Status
269 3665 483 3730 calamitatem
498 3667 700 3751 perduxerat.
721 3666 754 3730 1.
772 3664 823 3729 ius
835 3666 1016 3747 protegendi
1033 3663 1067 3725 in
1083 3663 1214 3729 tutelam

108 3771 287 3818 conversum
303 3759 363 3829 est,
381 3773 443 3837 quo
459 3757 595 3834 rabulae,
614 3755 794 3838 principum
809 3749 927 3826 iuvere,
944 3752 1102 3816 Ecclesiae
1117 3756 1216 3816 reses

109 3842 338 3908 iurisdictiones
354 3843 387 3907 in
405 3844 525 3925 regiam
540 3845 742 3911 eontulemnt
756 3845 957 3928 potestatem.
967 3841 1050 3905 Hinc
1062 3841 1216 3908 libertates

84 3999 87 4006 ,
107 3932 291 4014 gallicanae,
310 3932 412 3998 verius
427 3933 530 3999 dictae
546 3933 584 3999 ab
599 3934 670 4016 ipso
687 3933 802 4015 Fleury
818 3933 978 3995 servitutes
994 3928 1135 3995 eeclesiae
1150 3930 1216 4012 pcl-

107 4020 238 4096 liceam,
256 4023 290 4085 in
306 4021 430 4086 ltaliam
451 4022 660 4090 abundantius
678 4021 863 4088 translatae.
881 4019 915 4083 2.
933 4018 1006 4084 Iure
1025 4021 1154 4084 cavendi
1177 4036 1217 4082 ex

107 4104 354 4176 protestantibus
368 4116 525 4187 mutuato,
543 4112 702 4177 Ecclesiae
717 4110 887 4176 auctoritas
900 4125 978 4191 pure
993 4107 1112 4181 divina,
1130 4124 1147 4170 a
1163 4123 1216 4168 ca-

107 4197 233 4264 tholicis
247 4200 302 4263 diu
316 4206 494 4282 oppugnata
509 4206 604 4282 atque
619 4200 764 4266 demissa.
782 4198 866 4264 Hinc
882 4198 965 4278 leges
981 4195 1166 4278 losephinae
1182 4199 1214 4255 et

107 4287 328 4369 Leopoldinae,
345 4288 458 4369 quibus
473 4290 537 4352 iam
553 4293 785 4372 praecesserant
800 4288 884 4368 leges
899 4284 1052 4369 plurimae
1063 4282 1214 4363 Neapoli-

107 4382 197 4440 tanae
207 4376 452 4459 etsmelpinae,
468 4372 500 4440 3.
515 4377 588 4441 lure
599 4377 794 4456 inspiciendi,
812 4373 1059 4439 communicatio
1071 4369 1211 4460 fidelium

107 4464 381 4548 vel'episcoporum
397 4483 468 4530 cum
480 4467 623 4532 Romano
636 4465 791 4531 Pontidce
804 4462 935 4527 vinculis
952 4462 1102 4526 obstricta
1114 4462 1162 4523 est
1174 4477 1209 4524 ac

106 4553 169 4618 iere
181 4555 346 4638 impedita:
361 4554 395 4630 in
411 4567 473 4638 quo
485 4554 635 4642 Iosephus
646 4555 691 4632 ll,
705 4553 833 4634 eiusque
849 4555 1039 4616 irrecessores
1055 4548 1209 4614 excellue—
1230 4585 1233 4592 ι
