3238 5282
428 289 494 357 2⁴8
858 311 1018 385 ruenni.

472 456 516 519 ll.
534 456 628 522 Pauci
644 457 816 544 bonatide,
834 461 915 524 mala
927 461 989 524 fide
1001 457 1133 541 plurimi
1145 457 1279 540 imperia
1290 461 1504 522 contemnunt

382 544 464 607 iuris
477 545 590 609 divini.
607 546 670 620 llli,
689 547 787 612 veluti
801 549 927 616 Numen
939 565 979 614 ex
991 548 1137 628 principe
1150 547 1200 610 ius
1211 547 1354 610 divinum
1366 547 1501 610 efficiat:

380 631 429 705 hi,
446 651 543 714 quum
558 633 598 697 ad
613 635 783 718 imperium
799 655 834 700 se
849 639 1026 718 irrepturos
1043 654 1108 701 nou
1123 641 1251 719 sperent
1265 651 1305 698 ex
1321 635 1393 698 iure
1409 642 1505 698 natu-

382 720 441 783 rali
460 721 511 785 vel
525 722 646 802 divino,
666 726 715 788 ius
729 727 882 806 effingunt
900 727 1063 808 populare,
1080 743 1144 806 quo
1159 727 1359 806 expulsorum
1378 724 1503 804 princi-

381 826 457 892 pum
473 809 541 874 loco
556 813 685 878 tandem
708 815 912 879 consedeant.
931 814 981 878 Ad
996 819 1138 878 extrema
1153 815 1279 894 utrique
1297 811 1499 876 delabuntur.

380 897 469 999 Quae
484 903 520 964 ut
542 892 800 981 moraremini,
822 902 979 967 sinceram
994 903 1075 966 iuris
1088 903 1190 967 divini
1214 901 1378 966 notionem
1403 918 1503 982 expo

383 1003 499 1052 nrmus.
860 1025 863 1030 -

470 1077 531 1142 111.
550 1077 608 1144 Est
622 1078 730 1164 itaqrm
745 1080 795 1144 ius
806 1079 951 1145 divinum
966 1080 1206 1162 imperantium,
1224 1077 1273 1140 ius
1289 1078 1392 1158 ipsum
1410 1082 1502 1142 natu-
1558 1097 1560 1102 ·

380 1163 460 1238 rale,
478 1165 621 1246 genitum
641 1171 757 1244 alteo,
773 1187 792 1233 a
808 1187 871 1250 quo
891 1171 1000 1233 omnia
1015 1169 1115 1242 entia,
1133 1169 1203 1231 iura
1218 1167 1340 1239 omnia,
1360 1167 1501 1230 auctori-

158 1259 360 1331 rlclsubon.
383 1257 462 1317 tates
474 1272 583 1319 omnes
595 1263 627 1322 et
638 1262 810 1338 potestates
818 1255 1296 1339 proficiscebanturl).Aliunde
1303 1261 1424 1339 autem,
1437 1257 1499 1319 nisi

133 1335 363 1428 dempsimus·
382 1359 422 1406 cx
436 1343 504 1407 Deo
520 1344 600 1419 solo,
618 1346 799 1426 imperandi
821 1348 870 1410 ius
885 1353 918 1412 et
934 1350 1087 1428 potestas,
1105 1363 1206 1426 neque
1221 1362 1288 1408 esse
1303 1351 1423 1426 posset,
1446 1363 1502 1407 ne-

134 1429 243 1485 ⁶¹Pl⁷²²¹
268 1412 315 1484 ¹¹¹³
335 1416 359 1468 ¹·
381 1449 443 1512 qrre
458 1431 614 1498 invenire.
625 1435 742 1517 Lepide
757 1435 884 1518 quidem
900 1437 946 1501 ait
961 1439 1133 1501 llousseau:
1150 1455 1166 1492 «
1178 1434 1290 1498 Omnis
1298 1439 1441 1514 potestas
1453 1439 1502 1497 est

382 1537 399 1584 a
412 1522 492 1596 Deo,
507 1522 620 1598 fateor,
630 1524 684 1588 sed
693 1526 797 1588 omnis
806 1525 932 1589 morbus
940 1531 989 1589 cst
996 1541 1151 1606 quoquae
1167 1523 1248 1597 Deo:
1258 1523 1388 1604 ipseque
1399 1525 1499 1595 ensis,

158 1611 184 1678 at
196 1612 360 1670 Contrdoc.
381 1627 443 1690 quo
461 1628 512 1674 me
527 1612 668 1678 minatur
681 1614 798 1696 praedo
810 1615 844 1677 in
857 1614 1003 1688 silva,est
1019 1615 1140 1694 pariter
1150 1612 1255 1692 aliqua
1268 1613 1461 1694 potestne).
1482 1635 1499 1672 s

137 1686 160 1759 Ι,
176 1689 203 1740 ³·
383 1698 442 1763 Vel
470 1700 561 1774 ludit,
580 1702 683 1778 velud
703 1704 919 1783 quaestionem
937 1703 1017 1778 nihil
1039 1700 1198 1768 intellexit
1213 1701 1265 1766 ille
1284 1701 1441 1782 sophista:
1459 1700 1499 1764 de

383 1789 451 1852 iure
466 1790 552 1852 enirn
563 1789 734 1878 loquimur,
746 1793 796 1856 vel
811 1792 850 1856 de
865 1793 1015 1857 facultate
1031 1793 1157 1865 morali,
1173 1790 1242 1853 sive
1250 1791 1290 1852 de
1305 1789 1500 1853 auctoritate

382 1876 562 1942 hominibus
582 1881 646 1944 rite
660 1880 872 1962 praesidente,
890 1881 942 1946 cui
957 1880 1086 1945 morbos
1105 1882 1154 1945 vel
1169 1879 1298 1942 sicarios
1314 1879 1501 1962 aequipara-

381 1983 429 2039 re,
446 1966 588 2048 ineptum
604 1986 679 2032 sane
694 1974 754 2044 est,
778 1971 825 2035 vel
839 1971 1003 2035 insulsum.
1022 1971 1102 2047 lrno,
1123 1985 1162 2032 ne
1177 1969 1257 2030 ullus
1278 1967 1335 2031 fiat
1350 1967 1501 2047 aequiro-

382 2055 503 2118 cationi
515 2055 612 2135 locus,
622 2057 903 2134 declaramus,non
916 2060 955 2123 de
970 2057 1109 2140 quolibet
1118 2056 1248 2120 homine
1260 2055 1432 2138 imperium
1445 2073 1499 2120 ex·

382 2146 773 2228 ercente,necdesingulis
784 2147 1011 2231 imperantium
1024 2146 1211 2218 actionibus,
1221 2145 1319 2210 sedet
1332 2143 1400 2225 ipsa
1411 2144 1501 2224 prin-

383 2231 503 2315 cipatus
519 2233 721 2300 institutione
736 2255 915 2301 sermonem
932 2237 1023 2301 nobis
1035 2253 1113 2310 esse,
1124 2253 1196 2298 cum
1211 2233 1438 2316 chrysostomo
1449 2234 1500 2296 in·

382 2321 525 2404 quiente:
545 2342 562 2383 a
580 2325 653 2393 Non
668 2329 717 2389 est
731 2330 870 2408 potestas
884 2326 946 2390 nisi
963 2343 980 2390 a
996 2323 1167 2403 DeoQuid
1183 2323 1277 2386 dicis?
1293 2323 1380 2402 Ergo
1395 2323 1500 2386 omnis

383 2411 527 2494 princeps
536 2429 554 2474 a
563 2412 630 2477 Deo
642 2415 831 2480 constitutus
843 2415 905 2478 est?
914 2416 999 2480 Istud
1015 2432 1079 2478 non
1094 2413 1178 2476 dico.
1189 2413 1261 2477 Non
1275 2411 1360 2474 enim
1373 2411 1413 2473 de
1424 2429 1501 2491 quo·

384 2499 431 2563 vis
446 2500 590 2582 principe
607 2501 687 2566 mihi
702 2520 809 2580 sermo¹
822 2507 881 2580 est,
899 2505 953 2567 sed
973 2505 1061 2568 dere
1078 2503 1157 2584 ipsa,
1174 2500 1256 2564 idest
1278 2500 1317 2562 de
1333 2499 1400 2580 ipsa
1411 2508 1501 2578 pote-

383 2595 472 2652 state.
484 2586 577 2668 Quod
592 2591 677 2654 enim
694 2592 889 2674 principatus
903 2593 981 2669 sint,
991 2592 1135 2674 quodque
1148 2607 1211 2654 non
1227 2588 1390 2669 asiugulis
1405 2593 1440 2654 et
1451 2593 1500 2652 te-

380 2693 468 2741 mere
484 2684 596 2742 cuncta
612 2679 767 2754 serantur,
778 2681 904 2745 divinae
912 2675 1087 2763 sapientiae
1100 2699 1176 2766 opus
1192 2696 1258 2742 esse
1270 2677 1353 2740 dico.
1365 2678 1500 2758 Propte-

383 2783 436 2830 rea
449 2784 513 2829 non
530 2766 608 2833 dicit
622 2768 803 2851 Apostolus:
820 2772 893 2838 Non
910 2772 995 2835 enim
1008 2771 1156 2852 princeps
1169 2773 1217 2832 est
1229 2767 1291 2830 uisi
1307 2783 1325 2830 a
1340 2765 1422 2830 lleo.
1436 2765 1497 2832 Sed

156 2861 182 2931 a)
211 2861 289 2917 Hom.
325 2861 360 2915 23
381 2854 421 2919 dc
436 2871 470 2918 re
485 2855 553 2937 ipsa
569 2856 736 2922 disserens:
754 2859 827 2925 Non
842 2863 891 2923 est
901 2868 1039 2941 potestas
1055 2858 1117 2922 uisi
1132 2875 1150 2921 a
1166 2859 1233 2922 Deo
1249 2853 1293 2940 3).
1314 2878 1332 2917 s

134 2940 166 2991 tn
194 2939 288 3010 Epist.
320 2933 363 2992 ad
471 2944 529 3009 lv.
548 2945 609 3010 llic
624 2947 765 3026 praecise
781 2952 829 3012 est
844 2966 951 3013 seusus
962 2949 1040 3013 iuris
1051 2947 1163 3024 divini,
1178 2949 1242 3010 noir
1254 2944 1393 3009 hominis
1408 2942 1499 3007 deih-

136 3013 218 3066 fl‘m‘·
382 3031 479 3111 catio,
498 3038 534 3098 ut
549 3034 736 3115 ignoranter
752 3035 798 3099 vel
811 3036 1026 3102 fraudulenter
1036 3032 1433 3118 dictitantquamplurimi,
1444 3032 1498 3096 sed

384 3121 536 3186 naturalis
552 3123 727 3198 institutio,
745 3123 813 3189 Deo
829 3131 957 3190 auctore
972 3144 1079 3191 rerum
1092 3124 1213 3188 naturis
1229 3121 1340 3197 infixa,
1357 3123 1413 3205 qui
1429 3139 1512 3210 om-⁸

383 3209 436 3272 nia
452 3211 596 3276 condidit
620 3217 655 3278 ut
672 3217 776 3278 essent
793 3214 1038 3279 ordinatissima.
1056 3214 1116 3279 llic
1131 3212 1359 3277 catholicorum
1373 3226 1494 3285 sensus,

380 3317 442 3379 quo
458 3301 575 3364 divinis
590 3301 726 3366 humana
742 3303 965 3369 conciliantur.
983 3304 1147 3368 Praeclare
1170 3301 1257 3366 enirn
1273 3299 1494 3373 bellarminus,

380 3387 532 3452 Thomam
556 3394 691 3464 secutus,
709 3390 893 3457 abstrahens
912 3410 930 3456 a
946 3384 1141 3466 monarchia,
1159 3391 1199 3454 ab
1213 3387 1426 3460 aristocratia,
1450 3389 1495 3452 vel

380 3496 397 3542 a
414 3477 619 3542 democratia:
631 3479 742 3544 «Haec
752 3478 890 3561 potestas
898 3486 946 3544 est
954 3483 990 3546 de
998 3482 1068 3546 iure
1081 3489 1227 3553 naturae,
1242 3479 1405 3542 nonenim
1417 3492 1495 3557 pen-

380 3567 432 3632 det
448 3583 465 3629 a
481 3585 633 3630 consensu
649 3567 824 3642 hominum,
843 3587 929 3644 nam,
947 3570 1045 3634 velint
1061 3569 1177 3642 nolint,
1195 3568 1310 3632 debent
1324 3565 1392 3647 regi
1408 3567 1447 3628 ab
1461 3580 1495 3626 a-

316 3693 319 3698 ·
380 3656 478 3736 liquo,
497 3655 559 3718 nisi
574 3656 674 3720 velint
690 3657 795 3737 perire
811 3658 982 3722 humanum
998 3675 1106 3738 genus,
1120 3655 1203 3738 quo'd
1215 3662 1263 3721 est
1273 3659 1385 3720 contra
1403 3659 1493 3718 natu-

381 3759 434 3806 rae
449 3741 699 3809 inclinationem.
710 3750 755 3812 a:
767 3747 815 3810 ius
828 3752 958 3812 naturae
969 3754 1017 3812 est
1029 3749 1078 3810 ius
1088 3747 1242 3811 divinum:
1253 3747 1323 3809 iure
1334 3745 1434 3824 igitur
1443 3743 1493 3806 di·

379 3830 454 3895 vino
466 3830 646 3902 introducta
659 3838 707 3898 est
716 3835 915 3914 gubernatio,
925 3842 959 3901 et
970 3835 1031 3901 hoc
1040 3836 1163 3902 videtur
1174 3835 1302 3918 proprie
1317 3834 1396 3900 velle
1407 3835 1493 3914 Apo-

315 3930 319 3935 ’
378 3918 490 3994 stolus,
508 3938 580 3985 eum
596 3921 687 3995 dicit,
705 3921 797 3988 Rom.
816 3924 894 3988 Xlll
906 3945 914 3989 :
928 3924 996 4006 ¹Qui
1011 3925 1165 4006 potestati
1179 3924 1312 3999 resistit,
1329 3923 1389 3987 Dei
1406 3921 1492 3984 ordi-

154 4006 180 4078 41
195 4008 238 4062 De
251 4005 358 4081 laten,
379 4007 505 4075 nationi
520 4009 642 4075 resistit
653 4006 698 4093 la).
715 4033 732 4072 n

135 4081 183 4152 ¹¹¹1
201 4084 227 4136 ⁶·
469 4097 512 4162 V.
529 4097 767 4164 Nobilissimum
783 4101 929 4183 igiturne
941 4103 1068 4168 firmum
1080 4102 1241 4185 societatis
1253 4107 1286 4166 et
1298 4101 1494 4183 principatus

381 4186 622 4268 fundamentum
637 4187 828 4264 invenimus,
839 4193 922 4274 quod
937 4192 1055 4257 frustra
1063 4193 1097 4263 in
1110 4196 1202 4274 paeto
1218 4190 1491 4279 conquirebarnus.

379 4275 453 4350 Sed,
471 4294 543 4341 curn
560 4277 714 4341 naturalis
728 4277 770 4342 sit
785 4279 840 4344 illa
851 4282 1031 4356 institutio,
1048 4299 1104 4346 cur
1118 4278 1276 4362 appellata
1291 4285 1339 4345 est
1353 4278 1434 4343 iuris
1445 4277 1493 4340 di·

379 4364 462 4429 vini?
479 4364 510 4430 1.
531 4365 574 4430 Ut
585 4383 624 4430 ex
639 4367 707 4448 ipso
721 4369 851 4432 nomine
863 4371 1049 4436 mortalibus
1064 4368 1376 4436 statimilluoesceret
1386 4365 1492 4432 divina

379 4453 471 4536 urigo
487 4460 520 4521 et
535 4453 594 4530 vis,
611 4471 691 4537 quae
707 4455 740 4519 in
755 4457 937 4539 principatu
951 4459 1080 4524 insidet.
1095 4461 1128 4524 2.
1143 4459 1187 4524 Ut
1202 4456 1338 4524 libenter
1353 4462 1387 4522 et
1398 4455 1492 4536 digne

379 4540 428 4604 illi
444 4549 554 4622 gentas
568 4543 824 4610 subiicierentur.
840 4544 872 4610 3.
887 4547 968 4627 Quia
985 4548 1087 4613 aiure
1102 4548 1210 4617 divino
1225 4548 1361 4631 positivo
1374 4546 1491 4611 iterun
