3238 5282
437 317 501 386 176
876 343 969 392 iruna
984 343 1020 391 ιι.

167 485 229 558 tlt.
241 486 366 564 sc.,lib.
387 487 547 569 quaelibet
563 491 654 570 pacta
674 488 707 552 in
723 487 806 570 leges
823 488 916 567 inita,
928 487 1128 556 Theodosius
1143 481 1437 554 et'llalentiniamrs
1454 483 1507 567 1).

143 564 164 618 ¹·
181 569 203 620 ‘-
222 565 266 620 ll.
388 578 599 658 llanelegem
618 594 799 642 memorans
813 597 840 643 s.
858 579 1032 662 Gregorius
1048 581 1201 660 Magnus:
1220 599 1237 638 ιι
1255 575 1429 661 lmperiali,
1447 575 1506 648 ait,

387 665 617 733 constitutione
633 671 741 751 aparte
754 667 911 734 sancitum
926 674 986 744 est,
1000 675 1036 734 ut
1047 685 1085 733 ea
1096 685 1177 752 quae
1191 671 1303 733 eontra
1320 667 1402 748 leges
1413 665 1505 741 liant,

143 827 148 837 .
163 752 196 838 ²l·
217 753 276 810 Lib.
307 753 367 828 vll,
388 776 453 822 non
467 758 571 821 solum
586 756 726 833 inutilia,
738 755 902 824 sedetiam
914 777 971 843 pro
983 758 1112 824 iniectis
1124 756 1343 822 habendasint
1355 753 1399 839 2).
1413 776 1430 816 a
1444 755 1508 820 Ra·

142 825 367 903 ¹⁰d'⁰²·¹¹¹‘l’·⁷·
388 847 437 913 tio
449 851 508 920 est,
522 846 617 928 quod,
631 845 805 910 constituta
814 849 979 923 societate,
994 849 1056 915 duo
1069 846 1103 911 in
1115 845 1333 930 contractibus
1344 843 1510 926 requiran-

388 940 453 1002 tur:
465 936 700 1017 mmeriuquec
714 934 848 1002 honesta
858 937 912 1013 sit;
928 939 1046 1020 formu,
1061 942 1098 1002 ut
1108 939 1233 1002 constet
1243 935 1282 1000 de
1293 951 1461 1007 consensu,
1475 934 1508 996 et

388 1024 512 1090 fraudes
526 1028 744 1093 amoveantur.
759 1021 867 1091 Fosita
878 1031 984 1092 autem
995 1029 1175 1092 contractus
1185 1024 1384 1097 rescissione,
1398 1026 1436 1086 ut
1447 1037 1505 1103 pro

387 1118 525 1198 utroqu'e
534 1113 606 1179 loro
619 1113 828 1190 rescindatur,
842 1116 967 1198 publica
982 1116 1092 1181 suadet
1102 1113 1240 1190 utilitas,
1252 1111 1507 1177 animadverten-

388 1207 422 1269 te
436 1202 742 1284 Cardinalillelugo:
751 1222 776 1264 u
789 1205 839 1268 hd
849 1201 966 1269 bonum
978 1222 1160 1278 commune,
1174 1203 1344 1286 prasertim
1355 1200 1509 1281 spiritua-

388 1291 429 1368 le,
447 1289 702 1375 nugis'expedit,
720 1293 804 1374 quod
819 1297 999 1360 contractus
1010 1294 1058 1358 vel
1071 1311 1135 1358 uon
1147 1291 1363 1374 annullentur,
1378 1290 1428 1353 vel
1439 1307 1508 1354 cer-

386 1385 419 1447 te
430 1382 635 1446 annullentur
646 1399 706 1462 pro
718 1387 853 1464 utroque
865 1383 948 1458 loro,
958 1390 994 1449 ut
1006 1383 1206 1456 subditorum
1214 1377 1420 1446 conscientiis
1431 1396 1509 1442 con-

165 1481 190 1554 t)
219 1485 262 1538 De
294 1479 369 1536 Coa·
386 1473 506 1536 sulatur
523 1468 600 1555 3)'·-'’
618 1472 739 1538 Revera
750 1471 781 1535 si
794 1465 894 1536 valida
909 1476 1014 1537 essent
1029 1472 1099 1536 iure
1112 1471 1250 1536 naturali
1265 1487 1345 1552 quae
1361 1467 1449 1534 civili
1462 1466 1507 1530 ir-

143 1563 246 1629 araca,
264 1556 367 1626 “blut
386 1561 538 1635 ritantur,
556 1561 611 1643 qui
622 1559 817 1640 conscientia
831 1561 986 1641 tangitur,
1003 1561 1037 1626 se
1049 1562 1186 1642 legatum
1198 1560 1328 1633 sentiet,
1342 1555 1506 1640 improbus

142 1633 226 1707 ΠΗ,
240 1649 268 1690 ¹¹·
282 1635 347 1691 ²⁵²·
388 1668 462 1716 vero
477 1649 615 1716 solutum
625 1667 660 1727 se
670 1651 883 1734 profitebitur:
898 1649 980 1714 unde
992 1650 1118 1719 felicior
1128 1650 1347 1733 improborum
1357 1665 1439 1723 sors,
1449 1663 1508 1728 op-

387 1741 541 1822 timorum
556 1743 663 1804 autem
678 1741 827 1826 pessime.
1124 1801 1127 1806 .

475 1828 600 1894 XVlll.
619 1827 707 1907 Quae
722 1845 794 1894 cum
809 1828 855 1895 ita
869 1826 944 1907 sint,
963 1827 1019 1893 illa
1030 1833 1136 1902 tamen
1148 1827 1355 1894 vehementer
1366 1843 1422 1890 nos
1437 1841 1508 1907 per-

386 1921 516 1984 movent
530 1917 727 1982 sanctissime
743 1917 841 1983 Plinii
856 1919 962 1984 verba:
982 1939 1000 1978 ιι
1016 1919 1099 1986 Mihi
1115 1923 1221 1984 autem
1238 1915 1381 1981 defuncti
1397 1913 1506 1980 volun-

206 2075 213 2087 ,
384 2013 448 2082 tas,
461 2006 624 2096 antiquior
634 2006 703 2070 iure
715 2011 799 2073 est.»
813 2008 908 2073 Pacta
921 2007 1102 2073 interrivos
1113 1995 1294 2072 irritentur:
1307 2007 1348 2070 iis
1359 2008 1507 2069 nectem-

385 2115 442 2178 pus
454 2113 512 2161 nec
524 2096 665 2160 voluntas
679 2097 780 2174 deest,
794 2115 858 2178 quo
868 2096 929 2160 sibi
942 2098 1119 2162 consulant.
1133 2101 1177 2162 ht
1188 2096 1442 2172 omniadeerunt
1453 2093 1506 2157 dc-

385 2186 513 2263 luncto,
532 2185 587 2266 qui
606 2185 692 2249 nulla
706 2186 756 2250 sui
771 2186 944 2260 voluntate,
969 2187 1056 2252 nulla
1071 2187 1174 2270 culpe,
1191 2186 1232 2250 ob
1256 2183 1504 2249 minutissimum

363 2269 369 2278 ”
385 2273 564 2339 tabellionis
575 2291 730 2351 errorem,
740 2275 790 2340 vel
802 2275 957 2340 latentem
966 2277 1057 2341 testis
1068 2276 1239 2349 delectum,
1250 2291 1352 2358 poena
1361 2272 1505 2337 omnium

384 2363 567 2444 gravissima
582 2362 743 2445 plectitur,
761 2368 797 2429 ut
812 2364 966 2429 nimirum
981 2365 1151 2430 intestatus
1168 2365 1309 2428 decedat.
1327 2363 1445 2429 Nonne
1457 2363 1505 2426 in-

383 2453 520 2518 humaua
539 2453 590 2518 lex
604 2469 684 2535 quae
700 2453 760 2520 hoc
775 2454 1047 2535 sanxerit-atque
1064 2454 1097 2517 in
1114 2455 1216 2537 ipsam
1237 2458 1382 2518 naturam
1405 2452 1505 2517 incle-

384 2560 473 2606 mens
489 2541 652 2624 iudex-qui
668 2541 910 2608 sacratissimam
926 2543 1093 2608 morientis
1109 2543 1304 2608 voluntatem
1320 2540 1479 2623 inegerit?

471 2631 563 2696 XIX.
583 2629 618 2695 si
633 2631 667 2700 ia
679 2632 738 2720 hae
750 2632 868 2696 iurium
881 2649 986 2714 pugna
998 2632 1359 2715 quaedem‘subiicimus,
1373 2636 1505 2714 parcant

381 2719 590 2800 legislatores.
609 2720 807 2786 Postulamus
822 2722 929 2803 itaque
936 2725 980 2786 'ut
992 2726 1173 2786 contractus
1185 2727 1310 2803 regent,
1325 2739 1390 2785 non
1402 2726 1441 2788 ut
1451 2739 1506 2803 pe·

380 2809 459 2874 dicis
474 2815 653 2886 coerceanu
668 2817 704 2876 ut
720 2811 880 2875 lraudibus
895 2814 1073 2886 occurrant,
1089 2828 1152 2874 non
1165 2815 1201 2876 ut
1212 2811 1280 2875 sine
1292 2814 1438 2875 extrema
1451 2829 1506 2876 ne-

379 2898 527 2964 cessitate
539 2898 686 2978 honestus
700 2899 816 2964 civium
825 2901 1000 2964 voluntates
1012 2900 1172 2982 lranganh
1184 2900 1365 2970 utlormam
1377 2904 1502 2977 curent,

379 2988 435 3052 sed
449 2991 485 3053 ut
499 3004 517 3050 a
533 2988 692 3052 lateribus
707 2989 747 3052 ad
762 3007 819 3053 nos
841 2988 1002 3071 delapsum
1026 2989 1260 3054 formulismum
1284 2989 1457 3071 aliquando
1472 3007 1506 3054 e·

380 3077 544 3142 mendant.
562 3080 592 3142 A
602 3077 682 3144 iuris
693 3079 844 3144 consultis
860 3081 893 3143 et
905 3078 1141 3159 magistratibus
1158 3078 1346 3159 pracsertim
1362 3079 1505 3160 petimus

378 3171 425 3232 ut*
436 3167 520 3248 leges
534 3171 672 3241 servent,
693 3168 748 3232 sed
766 3185 805 3231 ne
820 3167 991 3234 immodice
1006 3172 1041 3232 et
1062 3167 1270 3234 materialiter
1292 3167 1438 3250 apicibus
1451 3169 1504 3232 in-

378 3256 540 3330 haereant,
556 3273 630 3320 cum
644 3256 683 3321 de
699 3255 837 3322 naturali
851 3261 975 3321 constat
989 3256 1159 3339 aequitate:
1181 3256 1289 3323 littera
1313 3257 1400 3322 euim
1417 3257 1503 3322 occi-

368 3344 440 3410 dit.
465 3348 567 3409 Amor
583 3350 690 3416 autem
705 3346 886 3430 aequitatis,
902 3346 1034 3430 eiusque
1047 3345 1216 3410 servandae
1239 3346 1398 3428 laborqui
1413 3345 1504 3412 (lice-

378 3433 468 3497 ronis
479 3437 624 3517 tempore
634 3434 834 3510 efferbuerat,
849 3453 932 3518 nune
943 3453 1068 3518 quoque
1079 3436 1334 3513 commendatur,
1347 3442 1425 3502 tune
1437 3453 1505 3502 ma·

378 3522 465 3586 xime
479 3532 552 3586 cum
568 3521 608 3586 de
622 3523 843 3602 detunctorum
860 3525 964 3606 agitur
980 3525 1153 3590 voluntate.
1339 3591 1342 3598 Δ

467 3610 544 3675 ΧΧ.
558 3611 693 3676 lntcrim
709 3631 796 3689 vero,
812 3614 984 3697 usquedum
996 3614 1137 3698 aequitas
1153 3613 1304 3679 naturalis
1315 3615 1456 3680 maiores
1470 3631 1505 3679 e-

378 3703 471 3764 xerat
482 3699 575 3774 vires,
587 3699 651 3764 iuri
662 3697 806 3768 irritanti
818 3703 899 3768 hane
910 3721 1072 3768 censemus
1085 3704 1173 3769 valde
1185 3703 1395 3784 probabiliter
1406 3723 1506 3788 appo-

380 3789 414 3851 ni
426 3806 516 3870 posse
527 3787 771 3856 humanitatem:
782 3798 817 3857 ut
828 3791 1087 3875 quotiescumque
1099 3795 1132 3868 in
1143 3791 1245 3875 pactis
1256 3797 1289 3858 et
1301 3794 1351 3859 vel
1363 3796 1505 3859 maxime

379 3877 413 3941 in
425 3877 647 3942 defunetomm
656 3879 872 3946 uoluntatibus
884 3883 1036 3948 naturalis
1056 3883 1199 3965 aequitas
1210 3886 1350 3958 constet,
1361 3884 1446 3949 banc
1458 3901 1506 3948 se-

379 3965 434 4048 qui
446 3966 553 4042 beent,
569 3969 744 4050 usquedum
755 3987 831 4052 pars
842 3971 942 4036 altera
953 3973 1095 4037 remedio
1111 3971 1191 4035 iuris
1201 3970 1304 4036 civilis
1319 3973 1380 4037 sibi
1392 3991 1507 4038 consu·

380 4055 436 4120 lat.
457 4056 559 4137 Finge
569 4074 621 4121 ex.
636 4063 685 4138 gr'.
699 4059 853 4142 scriptum
865 4060 1026 4135 heredem,
1044 4062 1076 4126 vi
1087 4061 1271 4128 tastamenti
1290 4063 1342 4127 cui
1353 4061 1506 4128 solemni-

378 4149 427 4210 tas
442 4144 657 4210 substantialis
673 4165 737 4211 non
753 4149 915 4214 testatoris
929 4149 1021 4230 culpe
1038 4149 1202 4225 deiecerit,
1220 4149 1339 4234 cepisse
1359 4151 1507 4216 haeredi-

378 4238 492 4299 tatem.
517 4235 691 4301 Tenebitur
706 4253 746 4300 ue
761 4236 814 4300 hic
830 4243 945 4318 sponte
960 4239 1171 4304 hereditatem
1186 4240 1386 4316 renuntiare,
1411 4246 1507 4324 atque

378 4323 492 4388 heredi
501 4323 541 4388 ub
552 4323 707 4389 intestato
718 4323 858 4390 deferre?
873 4328 1046 4394 Tenebitur
1058 4347 1097 4392 ne
1109 4329 1164 4418 qui
1176 4329 1309 4394 fundum
1321 4347 1424 4412 aequo
1437 4348 1508 4413 pre-

380 4413 427 4477 tio
440 4412 568 4486 emerit,
581 4414 636 4476 sed
647 4412 787 4477 inralido
797 4415 1022 4498 chirographo,
1041 4419 1507 4484 ultrocontractumrescinde·

380 4503 430 4565 rel
439 4501 543 4581 Quum
552 4501 729 4582 inutraque
740 4518 826 4578 casu,
837 4505 1051 4581 naturalis,ut
1058 4507 1374 4590 ponimus,honestus
1387 4510 1505 4592 rigeat,

380 4589 413 4652 in
429 4591 488 4655 hac
504 4593 575 4656 tuto
590 4589 752 4671 quiescere
766 4610 955 4676 quemquam
978 4597 1288 4679 posse-arbitramur,
1306 4600 1507 4683 quoadusque
