3224 5282
433 299 477 372 aa
884 294 1018 398 sirmi.

388 469 521 543 diderat,
543 472 689 535 omnibus
707 473 825 539 locutus
840 480 898 550 est,
916 476 1019 541 doctis
1033 481 1066 542 et
1081 473 1228 544 indoctis.
1247 474 1341 543 Cuius
1355 476 1508 542 divinita-

388 561 453 621 tem
464 560 600 639 pmbant
611 561 774 638 miracula,
788 564 984 647 prophetiae,
997 566 1184 631 resurrectio
1197 583 1214 630 a
1227 569 1372 641 mortuis,
1386 564 1508 630 doctri-

387 663 428 710 na
438 648 647 725 sanctissima,
661 653 796 718 revelata
809 655 971 738 mysteria,
985 671 1064 738 quae
1076 653 1233 718 rationem
1244 660 1404 738 superant,
1419 672 1507 720 eam-

387 753 448 817 que
465 737 575 804 nullibi
591 739 718 806 laedunt
729 742 783 805 sed
799 741 1166 822 illuminant3'innumeri
1178 749 1285 819 testes,
1299 744 1371 808 ideo
1384 748 1508 827 marty·

386 843 436 889 res
451 827 613 908 appellati,
630 847 727 913 usque
743 830 782 894 ad
797 836 974 898 extremum
994 849 1127 914 agonem
1147 838 1305 899 certantes
1320 851 1377 915 pro
1396 831 1503 907 iactis,

385 927 465 998 quae
488 916 550 998 ipsi
572 919 672 982 oculis
692 924 932 1002 conspexerant,
951 920 999 985 vel
1019 939 1037 985 a
1053 921 1166 1002 primis
1181 922 1357 986 certissime
1372 938 1506 1002 accepe-

384 1010 469 1081 runt;
480 1005 606 1070 demum
619 1008 717 1072 totius
727 1010 813 1074 orbis
824 1007 987 1086 conversio
999 1010 1038 1073 ad
1049 1008 1220 1084 Christum,
1234 1011 1361 1094 eiusque
1369 1011 1505 1091 religio·

385 1111 458 1157 nem
481 1095 581 1175 spinis
597 1099 629 1160 et
644 1115 736 1162 cnrce
751 1098 997 1172 horrescentem,
1022 1100 1247 1163 miraculorum
1270 1099 1458 1173 maximum,
1476 1101 1504 1163 si

383 1187 488 1247 cetera
511 1183 695 1250 defuissent.
719 1186 809 1252 Unde
828 1187 1039 1252 ineluctabilis
1059 1189 1231 1270 Augustini
1250 1188 1500 1271 argumentatio:

384 1290 401 1330 ι
419 1270 454 1337 Si
466 1273 527 1337 ista
542 1274 693 1338 miracula
709 1274 792 1341 iacta
803 1294 870 1341 esse
886 1295 948 1341 non
963 1275 1107 1351 credunt,
1125 1277 1290 1342 nobishoc
1305 1277 1425 1359 grande
1439 1279 1503 1341 mi-

191 1447 198 1518 ,
227 1451 254 1503 1)
297 1448 322 1502 C
379 1360 523 1514 {actatum
538 1363 664 1438 sufficit,
682 1365 766 1444 quod
781 1370 938 1431 terrarum
953 1364 1038 1430 orbis
1053 1365 1122 1430 sine
1138 1366 1209 1432 ullis
1225 1366 1383 1432 miraculis
1399 1365 1503 1430 credi-

177 1452 183 1501 Ι
255 1462 270 1502 e
319 1449 356 1504 iu.
401 1448 428 1516 it
481 1493 489 1516 ,
508 1473 528 1516 p>

134 1526 197 1587 Μ’
211 1522 296 1597 ¹¹¹¹:
312 1525 337 1578 ⁵·
409 1563 415 1576 ·
466 1449 562 1607 bun.
580 1541 666 1627 Ergo
674 1543 832 1610 ‘divinitas
847 1543 954 1609 datum
968 1561 1034 1608 esse
1049 1559 1210 1608 sacrorum
1221 1544 1281 1619 ius,
1294 1561 1360 1608 non
1373 1546 1498 1609 tanturn

379 1648 437 1711 pro
455 1634 541 1705 roto,
558 1631 612 1696 sed
629 1652 687 1715 pro
702 1634 786 1700 lacto
802 1639 956 1699 tenemus.
974 1634 1110 1714 ideoque
1125 1632 1238 1714 religio
1250 1632 1398 1716 positiva,
1416 1636 1502 1696 tam-

378 1737 473 1802 quam
489 1720 540 1786 lex
554 1720 626 1786 data
642 1722 731 1787 omni
753 1727 926 1795 creaturae,
944 1721 1207 1806 quemadmodum
1223 1722 1274 1786 lex
1288 1721 1355 1804 ipsa
1372 1725 1503 1785 natura-

379 1808 429 1884 lis,
448 1810 622 1890 agentibus
636 1811 915 1876 indiscriminatim
931 1816 979 1876 cst
994 1810 1187 1893 accipienda:
1206 1810 1336 1892 ipsaque
1352 1826 1422 1872 una
1434 1825 1501 1872 orn-

377 1899 467 1973 aino,
484 1903 519 1963 ut
534 1898 581 1964 ait
594 1900 819 1975 Tertullianus,
837 1899 917 1973 rota,
935 1899 1101 1963 immobilis
1116 1907 1144 1961 et
1158 1899 1414 1981 irreformabilis,
1433 1897 1500 1980 pri-

376 2005 464 2051 mum
480 1987 543 2051 erit
558 1993 651 2069 caput
672 1989 706 2055 in
722 1989 791 2052 iure
806 1988 962 2070 gentium,
981 2005 1000 2052 a
1019 2005 1080 2070 quo
1095 1991 1200 2052 cetera
1214 1987 1386 2069 pendeant,
1403 1987 1499 2067 eique

374 2076 482 2140 omnia
493 2075 713 2141 subiicientur.
731 2077 791 2143 Sed
809 2079 859 2140 lex
874 2083 938 2140 non
954 2077 1080 2158 estsine
1092 2074 1281 2156 legislatore,
1293 2077 1356 2140 hon
1369 2075 1499 2155 legisla-

373 2171 427 2230 tor
445 2165 513 2228 sine
531 2165 679 2245 imperio,
698 2183 761 2229 non
776 2165 946 2248 imperium
967 2166 1035 2231 sine
1054 2163 1216 2246 gerarchia
1231 2181 1249 2228 a
1265 2179 1325 2250 qua
1340 2164 1411 2227 iura
1428 2164 1496 2246 ipsa

375 2253 647 2317 administrentur.
662 2252 748 2334 Ergo
762 2256 791 2317 si
805 2254 917 2335 religio
929 2254 1000 2319 data
1011 2257 1059 2317 est
1071 2252 1264 2328 hominibus,
1277 2251 1404 2316 socialis
1415 2271 1496 2333 quo·

375 2359 436 2424 que
451 2345 511 2410 est:
528 2340 606 2415 sire,
624 2345 786 2422 pastomm
797 2343 928 2407 societas
939 2342 1000 2408 luit
1011 2342 1169 2415 instituta,
1182 2358 1317 2424 quorum
1328 2340 1384 2404 illa
1396 2341 1497 2404 mini·

373 2431 471 2495 sterio
486 2430 704 2493 commendata
715 2428 825 2496 tuerit.
843 2430 925 2495 ilino
939 2432 1035 2496 tertia
1050 2429 1246 2513 propositio.¹

463 2517 554 2583 XIV.
572 2517 702 2583 Tertio:
718 2515 849 2602 Religio,
868 2527 971 2606 utpote
985 2520 1102 2584 veritus
1116 2518 1251 2594 sonae,
1268 2518 1448 2583 hominihus
1464 2537 1496 2584 e-

373 2607 517 2671 docendis
532 2614 624 2688 atque
638 2608 778 2688 rependis
792 2609 867 2672 data
882 2617 938 2671 cst:
955 2627 1027 2691 erpo
1040 2607 1098 2671 illa
1114 2607 1222 2671 omnia
1237 2607 1295 2672 ribi
1307 2607 1398 2672 babet
1413 2625 1496 2689 quar

371 2697 413 2760 ad
422 2695 596 2776 perlectam
611 2695 675 2758 siae
683 2695 844 2774 politicam
854 2699 1034 2761 scariotem
1049 2699 1112 2761 rint
1126 2695 1314 2760 necessaria.

458 2784 535 2850 XV.
553 2787 638 2848 Ante
654 2784 775 2858 omnia,
794 2785 1010 2865 magisterium
1025 2784 1199 2867 requiritur
1213 2783 1350 2858 risibile,
1365 2801 1496 2864 perma-

370 2889 459 2947 neus,
476 2873 631 2950 divinum,
650 2871 828 2949 infallibile,
846 2891 909 2955 quo
925 2873 1116 2953 descriptam
1134 2871 1287 2938 divinitus
1303 2873 1420 2953 legem,
1439 2891 1496 2955 pa·

368 2961 396 3026 ri
409 2963 598 3028 auctoritate
609 2964 748 3036 tueatur,
762 2962 952 3045 promulget,
966 2962 1194 3045 interpretetur
1205 2961 1240 3026 in
1252 2963 1407 3038 obscuris,
1421 2979 1496 3042 suo·

367 3069 428 3136 que
442 3051 579 3134 imperio
595 3050 697 3116 adstet
712 3054 748 3114 ut
764 3051 949 3132 impleatur.

456 3143 539 3210 Nam
557 3142 604 3215 1.,
623 3139 757 3206 revelata
774 3141 842 3220 ipsa
858 3139 984 3220 religio,
1001 3137 1129 3220 eiusque
1144 3137 1257 3214 codex,
1275 3139 1362 3204 nulla
1373 3138 1496 3221 gaude·

366 3234 439 3296 rent
453 3230 659 3305 certitudine,
678 3227 741 3293 nisi
755 3232 851 3294 testes
866 3245 884 3292 a
899 3229 966 3293 Deo
978 3227 1160 3309 praestituti
1172 3227 1268 3292 fidem
1279 3227 1428 3293 iacerent
1440 3246 1498 3292 eo·

365 3337 437 3384 rum
453 3318 586 3401 originis
601 3323 695 3400 atque
710 3315 970 3382 authenticitatis.
988 3316 1022 3379 2.
1038 3313 1101 3380 Ubi
1116 3316 1167 3379 lex
1180 3317 1309 3398 scripta,
1328 3315 1375 3379 ibi
1388 3318 1496 3399 magi-

364 3412 492 3482 stratus,
511 3409 668 3488 interpres
679 3408 712 3468 et
724 3404 830 3478 iudex',
843 3404 967 3469 sivelex
978 3403 1096 3477 virens:
1105 3419 1192 3466 secus
1205 3404 1257 3468 lex
1267 3403 1401 3486 scripta,
1415 3423 1498 3489 qua·

363 3496 390 3558 si
407 3495 513 3561 littera
529 3498 668 3566 mortua,
687 3491 770 3555 nihil
788 3492 918 3558 haberet
940 3489 1064 3556 roboris
1087 3491 1137 3554 vel
1150 3492 1316 3557 utilitatis:
1336 3512 1354 3550 a
1371 3496 1499 3559 Omnes

364 3583 450 3648 enim
465 3601 505 3648 ex
519 3582 632 3646 iisdem
647 3579 831 3661 scripturis,
854 3581 946 3645 falsas
966 3583 1060 3663 atque
1083 3577 1211 3644 fallaces
1235 3580 1407 3662 opiniones
1423 3601 1499 3647 suas

153 3670 179 3739 al
204 3673 231 3727 S·
258 3671 341 3740 Aue,
363 3676 519 3737 conantur
540 3669 710 3735 defendere
731 3666 775 3751 2).
795 3693 812 3732 »
838 3667 871 3734 3.
888 3668 982 3735 Nulla
1002 3666 1134 3731 societas
1156 3669 1226 3733 sine
1240 3679 1367 3733 summo
1385 3671 1498 3756 aliquo

116 3750 159 3803 1²⁶
176 3745 339 3818 Triocala.
363 3761 551 3844 imperante:
566 3758 673 3824 divina
685 3761 792 3822 autem
807 3757 947 3822 divinum
959 3753 1053 3820 simul
1064 3757 1096 3817 et
1106 3754 1264 3822 visibilem
1276 3757 1417 3839 postulat
1432 3759 1499 3825 inr-

361 3847 538 3932 perantem,
553 3849 608 3931 qui
623 3847 783 3912 tutissime
797 3863 837 3910 ea
847 3845 907 3911 Dei
924 3842 1019 3909 verbo
1035 3842 1173 3920 hauriat,
1192 3847 1321 3927 quaein
1337 3847 1500 3914 subiectos

361 3937 511 4004 effundat.
526 3938 615 4005 Unde
627 3935 834 4018 Augustinus:
847 3954 864 3994 «
874 3931 958 3998 Vera
970 3930 1092 4011 religio,
1106 3929 1175 3995 sine
1187 3933 1326 4014 quodam
1339 3936 1432 4016 gravi
1443 3955 1502 4006 au-

146 4033 172 4104 at
186 4037 229 4090 De
241 4033 338 4093 Urtltc.
361 4027 519 4093 ctoritatis
534 4026 683 4108 imperio,
695 4024 772 4089 iniri
784 4026 873 4101 recte
882 4020 969 4084 nullo
981 4023 1072 4099 pacto
1084 4023 1189 4099 potest
1202 4019 1247 4105 3).
1266 4022 1423 4090 »livens
1434 4024 1499 4091 hoc

111 4107 264 4174 creaeedr,
290 4112 337 4185 ix,
359 4117 589 4198 magisterium,
607 4115 738 4197 eiusque
753 4112 963 4181 characteres,
981 4106 1173 4173 conveniunt
1189 4109 1224 4171 in
1241 4110 1400 4176 Ecclesia.

112 4189 127 4238 ²
136 4188 158 4238 ¹·
195 4199 199 4206 ’
447 4205 536 4271 XVI.
556 4203 694 4270 Ecclesia
709 4202 796 4266 enim
812 4198 842 4263 1.
854 4215 872 4262 a
884 4194 1009 4263 Christo
1025 4193 1241 4260 estinstituta:
1255 4219 1273 4258 u
1285 4199 1328 4265 Et
1340 4202 1499 4266 accedens

357 4295 442 4359 lesus
453 4296 574 4360 locutus
585 4297 633 4358 est
645 4292 702 4366 eis,
714 4290 833 4378 dicens:
848 4287 929 4350 Data
947 4285 995 4346 est
1006 4279 1084 4344 mihi
1096 4282 1201 4347 omnis
1214 4291 1359 4365 potestas
1375 4288 1412 4352 in
1425 4307 1500 4356 cae.

356 4383 387 4460 lo
407 4388 439 4450 et
463 4384 497 4449 in
516 4387 614 4448 terra.
633 4382 754 4447 Euntes
770 4392 845 4456 ergo
860 4373 972 4436 docete
992 4384 1101 4431 omues
1116 4374 1227 4448 gentes
1231 4420 1317 4440 ......
1342 4378 1500 4444 docentes

158 4480 185 4547 a)
214 4481 310 4538 natta.
326 4529 332 4556 ‚
355 4492 407 4539 eos
422 4490 548 4552 serrare
563 4470 671 4536 omnia
686 4478 906 4551 quaecumque
916 4454 1061 4521 mandavi
1072 4455 1171 4552 vobis:
1185 4463 1304 4528 etecce
1316 4467 1500 4546 egorobis-

109 4551 332 4630 ”witta-ao.
355 4580 424 4628 cum
438 4583 506 4630 rum
521 4560 668 4629 omnibus
684 4555 912 4631 diebus,usque
925 4545 962 4610 ad
975 4546 1284 4614 consummationem
1296 4552 1497 4640 saeculill.»
