<?xml version="1.0" encoding="UTF-8"?>
<!DOCTYPE html PUBLIC "-//W3C//DTD XHTML 1.0 Transitional//EN"
    "http://www.w3.org/TR/xhtml1/DTD/xhtml1-transitional.dtd">
<html xmlns="http://www.w3.org/1999/xhtml" xml:lang="en" lang="en">
 <head>
  <title>
</title>
<meta http-equiv="Content-Type" content="text/html;charset=utf-8" />
  <meta name='ocr-system' content='tesseract 3.04.00' />
  <meta name='ocr-capabilities' content='ocr_page ocr_carea ocr_par ocr_line ocrx_word'/>
</head>
<body>
  <div class='ocr_page' id='page_1' title='image "./iurisnaturaeetg01audigoog_0098.png"; bbox 0 0 3224 5282; ppageno 0'>
   <div class='ocr_carea' id='block_1_1' title="bbox 576 353 1181 417">
    <p class='ocr_par' dir='ltr' id='par_1_1' title="bbox 576 353 1181 417">
     <span class='ocr_line' id='line_1_1' title="bbox 576 353 1181 417; baseline 0.005 -3"><span class='ocrx_word' id='word_1_1' title='bbox 576 367 758 417; x_wconf 79' lang='lat' dir='ltr'><strong>rrrottsx.</strong></span> <span class='ocrx_word' id='word_1_2' title='bbox 1139 353 1181 417; x_wconf 82' lang='lat'><strong>77</strong></span> 
     </span>
    </p>
   </div>
   <div class='ocr_carea' id='block_1_2' title="bbox 101 513 1227 1932">
    <p class='ocr_par' dir='ltr' id='par_1_2' title="bbox 101 513 1227 1932">
     <span class='ocr_line' id='line_1_2' title="bbox 193 513 1226 598; baseline 0.004 -19"><span class='ocrx_word' id='word_1_3' title='bbox 193 515 269 579; x_wconf 88' lang='lat' dir='ltr'><strong>llll.</strong></span> <span class='ocrx_word' id='word_1_4' title='bbox 289 513 331 580; x_wconf 80' lang='lat' dir='ltr'><strong>itt</strong></span> <span class='ocrx_word' id='word_1_5' title='bbox 346 530 433 586; x_wconf 90' lang='lat' dir='ltr'><strong>sane,</strong></span> <span class='ocrx_word' id='word_1_6' title='bbox 449 513 531 593; x_wconf 87' lang='lat' dir='ltr'><strong>apud</strong></span> <span class='ocrx_word' id='word_1_7' title='bbox 547 515 667 580; x_wconf 93' lang='lat' dir='ltr'><strong>nullum</strong></span> <span class='ocrx_word' id='word_1_8' title='bbox 682 531 820 596; x_wconf 88' lang='lat' dir='ltr'><strong>unquam</strong></span> <span class='ocrx_word' id='word_1_9' title='bbox 836 515 986 597; x_wconf 92' lang='lat' dir='ltr'><strong>populum</strong></span> <span class='ocrx_word' id='word_1_10' title='bbox 1001 515 1046 580; x_wconf 90' lang='lat' dir='ltr'><strong>ita</strong></span> <span class='ocrx_word' id='word_1_11' title='bbox 1063 516 1164 598; x_wconf 88' lang='lat' dir='ltr'><strong>viguit</strong></span> <span class='ocrx_word' id='word_1_12' title='bbox 1175 537 1226 583; x_wconf 90' lang='lat' dir='ltr'><strong>re-</strong></span> 
     </span>
     <span class='ocr_line' id='line_1_3' title="bbox 103 601 1225 684; baseline 0.005 -18"><span class='ocrx_word' id='word_1_13' title='bbox 103 603 182 684; x_wconf 89' lang='lat' dir='ltr'><strong>ligio</strong></span> <span class='ocrx_word' id='word_1_14' title='bbox 200 603 364 678; x_wconf 77' lang='lat' dir='ltr'><strong>neamalis,</strong></span> <span class='ocrx_word' id='word_1_15' title='bbox 381 601 458 684; x_wconf 87' lang='lat' dir='ltr'><strong>quin</strong></span> <span class='ocrx_word' id='word_1_16' title='bbox 475 601 528 666; x_wconf 90' lang='lat' dir='ltr'><strong>ille</strong></span> <span class='ocrx_word' id='word_1_17' title='bbox 545 603 712 668; x_wconf 90' lang='lat' dir='ltr'><strong>atbeismo</strong></span> <span class='ocrx_word' id='word_1_18' title='bbox 728 604 767 667; x_wconf 91' lang='lat' dir='ltr'><strong>ad</strong></span> <span class='ocrx_word' id='word_1_19' title='bbox 779 604 980 679; x_wconf 78' lang='lat' dir='ltr'><strong>atheisrmrm</strong></span> <span class='ocrx_word' id='word_1_20' title='bbox 998 606 1048 670; x_wconf 91' lang='lat' dir='ltr'><strong>vel</strong></span> <span class='ocrx_word' id='word_1_21' title='bbox 1058 607 1170 672; x_wconf 88' lang='lat' dir='ltr'><strong>saltem</strong></span> <span class='ocrx_word' id='word_1_22' title='bbox 1185 608 1225 672; x_wconf 87' lang='lat' dir='ltr'><strong>ad</strong></span> 
     </span>
     <span class='ocr_line' id='line_1_4' title="bbox 101 691 1226 776; baseline 0.003 -20"><span class='ocrx_word' id='word_1_23' title='bbox 101 691 363 776; x_wconf 75' lang='lat' dir='ltr'><strong>polytheismam</strong></span> <span class='ocrx_word' id='word_1_24' title='bbox 381 691 505 776; x_wconf 86' lang='lat' dir='ltr'><strong>aliaque</strong></span> <span class='ocrx_word' id='word_1_25' title='bbox 520 697 659 758; x_wconf 85' lang='lat' dir='ltr'><strong>menstra</strong></span> <span class='ocrx_word' id='word_1_26' title='bbox 670 698 739 758; x_wconf 90' lang='lat' dir='ltr'><strong>tum</strong></span> <span class='ocrx_word' id='word_1_27' title='bbox 751 693 788 757; x_wconf 82' lang='lat' dir='ltr'><strong>ia</strong></span> <span class='ocrx_word' id='word_1_28' title='bbox 797 692 1010 775; x_wconf 68' lang='lat' dir='ltr'><strong>speculativis,</strong></span> <span class='ocrx_word' id='word_1_29' title='bbox 1028 700 1097 759; x_wconf 91' lang='lat' dir='ltr'><strong>tum</strong></span> <span class='ocrx_word' id='word_1_30' title='bbox 1110 694 1145 759; x_wconf 88' lang='lat' dir='ltr'><strong>in</strong></span> <span class='ocrx_word' id='word_1_31' title='bbox 1158 713 1226 760; x_wconf 88' lang='lat' dir='ltr'><strong>mo-</strong></span> 
     </span>
     <span class='ocr_line' id='line_1_5' title="bbox 102 781 1225 866; baseline 0.004 -21"><span class='ocrx_word' id='word_1_32' title='bbox 102 782 233 853; x_wconf 87' lang='lat' dir='ltr'><strong>ralibus,</strong></span> <span class='ocrx_word' id='word_1_33' title='bbox 252 781 455 846; x_wconf 71' lang='lat' dir='ltr'><strong>dilaberetur.</strong></span> <span class='ocrx_word' id='word_1_34' title='bbox 480 781 519 845; x_wconf 89' lang='lat' dir='ltr'><strong>ln</strong></span> <span class='ocrx_word' id='word_1_35' title='bbox 539 782 710 846; x_wconf 77' lang='lat' dir='ltr'><strong>muralibus</strong></span> <span class='ocrx_word' id='word_1_36' title='bbox 726 783 878 847; x_wconf 72' lang='lat' dir='ltr'><strong>obstem</strong></span> <span class='ocrx_word' id='word_1_37' title='bbox 892 783 1086 865; x_wconf 69' lang='lat' dir='ltr'><strong>assentitus,</strong></span> <span class='ocrx_word' id='word_1_38' title='bbox 1103 789 1137 854; x_wconf 90' lang='lat' dir='ltr'><strong>et</strong></span> <span class='ocrx_word' id='word_1_39' title='bbox 1152 784 1225 866; x_wconf 72' lang='lat' dir='ltr'><strong>sera</strong></span> 
     </span>
     <span class='ocr_line' id='line_1_6' title="bbox 103 868 1225 955; baseline 0.004 -20"><span class='ocrx_word' id='word_1_40' title='bbox 103 869 286 935; x_wconf 81' lang='lat' dir='ltr'><strong>crudelitas.</strong></span> <span class='ocrx_word' id='word_1_41' title='bbox 304 871 352 936; x_wconf 90' lang='lat' dir='ltr'><strong>De</strong></span> <span class='ocrx_word' id='word_1_42' title='bbox 366 868 423 933; x_wconf 86' lang='lat' dir='ltr'><strong>illa</strong></span> <span class='ocrx_word' id='word_1_43' title='bbox 437 868 542 934; x_wconf 84' lang='lat' dir='ltr'><strong>dicere</strong></span> <span class='ocrx_word' id='word_1_44' title='bbox 557 876 641 936; x_wconf 89' lang='lat' dir='ltr'><strong>vetat</strong></span> <span class='ocrx_word' id='word_1_45' title='bbox 656 871 769 953; x_wconf 85' lang='lat' dir='ltr'><strong>pudor:</strong></span> <span class='ocrx_word' id='word_1_46' title='bbox 786 871 985 954; x_wconf 76' lang='lat' dir='ltr'>ceteroquin,</span> <span class='ocrx_word' id='word_1_47' title='bbox 1000 874 1134 955; x_wconf 77' lang='lat' dir='ltr'><strong>Augusti</strong></span> <span class='ocrx_word' id='word_1_48' title='bbox 1149 890 1225 940; x_wconf 87' lang='lat' dir='ltr'><strong>aevo</strong></span> 
     </span>
     <span class='ocr_line' id='line_1_7' title="bbox 104 956 1227 1045; baseline 0.004 -21"><span class='ocrx_word' id='word_1_49' title='bbox 104 964 136 1025; x_wconf 90' lang='lat' dir='ltr'><strong>et</strong></span> <span class='ocrx_word' id='word_1_50' title='bbox 151 957 313 1041; x_wconf 85' lang='lat' dir='ltr'><strong>sequenti,</strong></span> <span class='ocrx_word' id='word_1_51' title='bbox 327 957 409 1022; x_wconf 84' lang='lat' dir='ltr'><strong>nibil</strong></span> <span class='ocrx_word' id='word_1_52' title='bbox 423 956 545 1024; x_wconf 89' lang='lat' dir='ltr'><strong>loedius</strong></span> <span class='ocrx_word' id='word_1_53' title='bbox 559 959 718 1041; x_wconf 88' lang='lat' dir='ltr'><strong>contingit</strong></span> <span class='ocrx_word' id='word_1_54' title='bbox 732 959 795 1024; x_wconf 86' lang='lat' dir='ltr'><strong>buo</strong></span> <span class='ocrx_word' id='word_1_55' title='bbox 807 965 914 1026; x_wconf 90' lang='lat' dir='ltr'><strong>nostra</strong></span> <span class='ocrx_word' id='word_1_56' title='bbox 930 964 1045 1038; x_wconf 86' lang='lat' dir='ltr'><strong>astate,</strong></span> <span class='ocrx_word' id='word_1_57' title='bbox 1059 963 1141 1045; x_wconf 88' lang='lat' dir='ltr'><strong>apad</strong></span> <span class='ocrx_word' id='word_1_58' title='bbox 1155 961 1227 1028; x_wconf 90' lang='lat' dir='ltr'><strong>bar·</strong></span> 
     </span>
     <span class='ocr_line' id='line_1_8' title="bbox 102 1046 1222 1134; baseline 0.004 -23"><span class='ocrx_word' id='word_1_59' title='bbox 102 1050 194 1112; x_wconf 90' lang='lat' dir='ltr'><strong>baras</strong></span> <span class='ocrx_word' id='word_1_60' title='bbox 207 1052 316 1129; x_wconf 85' lang='lat' dir='ltr'><strong>gentes</strong></span> <span class='ocrx_word' id='word_1_61' title='bbox 327 1046 449 1122; x_wconf 82' lang='lat' dir='ltr'><strong>Indiae,</strong></span> <span class='ocrx_word' id='word_1_62' title='bbox 461 1048 590 1114; x_wconf 80' lang='lat' dir='ltr'><strong>Africae</strong></span> <span class='ocrx_word' id='word_1_63' title='bbox 606 1048 1098 1126; x_wconf 79' lang='lat' dir='ltr'><strong>velooeaniae.1tecrudelitate‚</strong></span> <span class='ocrx_word' id='word_1_64' title='bbox 1111 1066 1222 1134; x_wconf 82' lang='lat' dir='ltr'><strong>pausa.</strong></span> 
     </span>
     <span class='ocr_line' id='line_1_9' title="bbox 103 1135 1226 1219; baseline 0.004 -18"><span class='ocrx_word' id='word_1_65' title='bbox 103 1137 200 1218; x_wconf 81' lang='lat' dir='ltr'><strong>Apud</strong></span> <span class='ocrx_word' id='word_1_66' title='bbox 211 1135 425 1210; x_wconf 71' lang='lat' dir='ltr'><strong>chananaeos,</strong></span> <span class='ocrx_word' id='word_1_67' title='bbox 437 1135 638 1214; x_wconf 66' lang='lat' dir='ltr'><strong>abericus,</strong></span> <span class='ocrx_word' id='word_1_68' title='bbox 652 1136 942 1219; x_wconf 71' lang='lat' dir='ltr'><strong>Carthaginienses·</strong></span> <span class='ocrx_word' id='word_1_69' title='bbox 953 1138 1005 1204; x_wconf 88' lang='lat' dir='ltr'><strong>vel</strong></span> <span class='ocrx_word' id='word_1_70' title='bbox 1014 1143 1131 1205; x_wconf 87' lang='lat' dir='ltr'><strong>matres</strong></span> <span class='ocrx_word' id='word_1_71' title='bbox 1141 1139 1226 1206; x_wconf 90' lang='lat' dir='ltr'><strong>lilios</strong></span> 
     </span>
     <span class='ocr_line' id='line_1_10' title="bbox 103 1224 1227 1311; baseline 0.005 -23"><span class='ocrx_word' id='word_1_72' title='bbox 103 1228 190 1290; x_wconf 88' lang='lat' dir='ltr'><strong>inter</strong></span> <span class='ocrx_word' id='word_1_73' title='bbox 196 1226 341 1290; x_wconf 87' lang='lat' dir='ltr'><strong>ardentia</strong></span> <span class='ocrx_word' id='word_1_74' title='bbox 352 1224 431 1290; x_wconf 88' lang='lat' dir='ltr'><strong>idoli</strong></span> <span class='ocrx_word' id='word_1_75' title='bbox 441 1225 570 1290; x_wconf 89' lang='lat' dir='ltr'><strong>bracbia</strong></span> <span class='ocrx_word' id='word_1_76' title='bbox 581 1227 757 1292; x_wconf 75' lang='lat' dir='ltr'><strong>exurendos</strong></span> <span class='ocrx_word' id='word_1_77' title='bbox 766 1227 1129 1311; x_wconf 54' lang='lat' dir='ltr'><strong>deponebrataetipsas</strong></span> <span class='ocrx_word' id='word_1_78' title='bbox 1138 1247 1227 1296; x_wconf 81' lang='lat' dir='ltr'><strong>corrr-</strong></span> 
     </span>
     <span class='ocr_line' id='line_1_11' title="bbox 104 1313 1227 1390; baseline 0.004 -12"><span class='ocrx_word' id='word_1_79' title='bbox 104 1315 311 1380; x_wconf 87' lang='lat' dir='ltr'><strong>bnrebantur.</strong></span> <span class='ocrx_word' id='word_1_80' title='bbox 333 1314 454 1380; x_wconf 84' lang='lat' dir='ltr'><strong>Eadem</strong></span> <span class='ocrx_word' id='word_1_81' title='bbox 476 1313 617 1390; x_wconf 85' lang='lat' dir='ltr'><strong>damma,</strong></span> <span class='ocrx_word' id='word_1_82' title='bbox 632 1315 774 1381; x_wconf 87' lang='lat' dir='ltr'><strong>deinneti</strong></span> <span class='ocrx_word' id='word_1_83' title='bbox 790 1317 898 1382; x_wconf 85' lang='lat' dir='ltr'><strong>mariti</strong></span> <span class='ocrx_word' id='word_1_84' title='bbox 920 1322 954 1382; x_wconf 90' lang='lat' dir='ltr'><strong>et</strong></span> <span class='ocrx_word' id='word_1_85' title='bbox 968 1316 1227 1388; x_wconf 67' lang='lat' dir='ltr'><strong>tumamoris</strong></span> 
     </span>
     <span class='ocr_line' id='line_1_12' title="bbox 101 1402 1225 1488; baseline 0.004 -21"><span class='ocrx_word' id='word_1_86' title='bbox 101 1421 239 1486; x_wconf 87' lang='lat' dir='ltr'><strong>corpora</strong></span> <span class='ocrx_word' id='word_1_87' title='bbox 254 1402 511 1468; x_wconf 67' lang='lat' dir='ltr'><strong>absumebantur.</strong></span> <span class='ocrx_word' id='word_1_88' title='bbox 526 1404 630 1470; x_wconf 83' lang='lat' dir='ltr'><strong>Hodie</strong></span> <span class='ocrx_word' id='word_1_89' title='bbox 644 1405 757 1480; x_wconf 81' lang='lat' dir='ltr'><strong>adbuc,-</strong></span> <span class='ocrx_word' id='word_1_90' title='bbox 774 1405 858 1488; x_wconf 84' lang='lat' dir='ltr'><strong>quod</strong></span> <span class='ocrx_word' id='word_1_91' title='bbox 870 1406 1023 1486; x_wconf 81' lang='lat' dir='ltr'><strong>Licurgus</strong></span> <span class='ocrx_word' id='word_1_92' title='bbox 1038 1411 1076 1472; x_wconf 91' lang='lat' dir='ltr'><strong>et</strong></span> <span class='ocrx_word' id='word_1_93' title='bbox 1082 1407 1175 1472; x_wconf 80' lang='lat' dir='ltr'><strong>Plato</strong></span> <span class='ocrx_word' id='word_1_94' title='bbox 1190 1408 1225 1472; x_wconf 80' lang='lat' dir='ltr'><strong>iu</strong></span> 
     </span>
     <span class='ocr_line' id='line_1_13' title="bbox 103 1493 1226 1576; baseline 0 -16"><span class='ocrx_word' id='word_1_95' title='bbox 103 1493 244 1560; x_wconf 75' lang='lat' dir='ltr'><strong>Graecia</strong></span> <span class='ocrx_word' id='word_1_96' title='bbox 253 1493 635 1574; x_wconf 71' lang='lat' dir='ltr'><strong>praeceperantccntena</strong></span> <span class='ocrx_word' id='word_1_97' title='bbox 645 1511 816 1576; x_wconf 81' lang='lat' dir='ltr'><strong>puerorum</strong></span> <span class='ocrx_word' id='word_1_98' title='bbox 824 1494 928 1558; x_wconf 79' lang='lat' dir='ltr'><strong>miliia</strong></span> <span class='ocrx_word' id='word_1_99' title='bbox 937 1496 1107 1576; x_wconf 70' lang='lat' dir='ltr'><strong>osmannis</strong></span> <span class='ocrx_word' id='word_1_100' title='bbox 1118 1494 1226 1561; x_wconf 77' lang='lat' dir='ltr'><strong>reici-</strong></span> 
     </span>
     <span class='ocr_line' id='line_1_14' title="bbox 103 1579 1226 1662; baseline 0.003 -16"><span class='ocrx_word' id='word_1_101' title='bbox 103 1581 218 1662; x_wconf 87' lang='lat' dir='ltr'><strong>nensia</strong></span> <span class='ocrx_word' id='word_1_102' title='bbox 233 1579 364 1644; x_wconf 76' lang='lat' dir='ltr'><strong>lumina</strong></span> <span class='ocrx_word' id='word_1_103' title='bbox 377 1581 653 1657; x_wconf 83' lang='lat' dir='ltr'><strong>transvehunt,vel</strong></span> <span class='ocrx_word' id='word_1_104' title='bbox 664 1599 757 1649; x_wconf 88' lang='lat' dir='ltr'><strong>canes</strong></span> <span class='ocrx_word' id='word_1_105' title='bbox 772 1581 1150 1649; x_wconf 76' lang='lat' dir='ltr'><strong>deserantllorrendum</strong></span> <span class='ocrx_word' id='word_1_106' title='bbox 1160 1584 1226 1649; x_wconf 92' lang='lat' dir='ltr'><strong>bel-</strong></span> 
     </span>
     <span class='ocr_line' id='line_1_15' title="bbox 107 1670 1222 1756; baseline 0.002 -20"><span class='ocrx_word' id='word_1_107' title='bbox 107 1672 212 1736; x_wconf 90' lang='lat' dir='ltr'><strong>lorum</strong></span> <span class='ocrx_word' id='word_1_108' title='bbox 229 1670 454 1746; x_wconf 83' lang='lat' dir='ltr'><strong>ius,lrorrenda</strong></span> <span class='ocrx_word' id='word_1_109' title='bbox 469 1672 616 1738; x_wconf 85' lang='lat' dir='ltr'><strong>servitus.</strong></span> <span class='ocrx_word' id='word_1_110' title='bbox 629 1670 691 1737; x_wconf 86' lang='lat' dir='ltr'><strong>Sed</strong></span> <span class='ocrx_word' id='word_1_111' title='bbox 705 1671 788 1753; x_wconf 85' lang='lat' dir='ltr'><strong>quod</strong></span> <span class='ocrx_word' id='word_1_112' title='bbox 801 1671 1069 1748; x_wconf 72' lang='lat' dir='ltr'><strong>illi,.revelatione</strong></span> <span class='ocrx_word' id='word_1_113' title='bbox 1078 1677 1222 1756; x_wconf 85' lang='lat' dir='ltr'><strong>excepta,</strong></span> 
     </span>
     <span class='ocr_line' id='line_1_16' title="bbox 106 1760 1222 1844; baseline 0.003 -20"><span class='ocrx_word' id='word_1_114' title='bbox 106 1764 139 1825; x_wconf 90' lang='lat' dir='ltr'><strong>et</strong></span> <span class='ocrx_word' id='word_1_115' title='bbox 155 1777 215 1824; x_wconf 93' lang='lat' dir='ltr'><strong>nos</strong></span> <span class='ocrx_word' id='word_1_116' title='bbox 230 1775 379 1824; x_wconf 79' lang='lat' dir='ltr'><strong>essemus:</strong></span> <span class='ocrx_word' id='word_1_117' title='bbox 405 1775 479 1823; x_wconf 85' lang='lat' dir='ltr'><strong>nam</strong></span> <span class='ocrx_word' id='word_1_118' title='bbox 493 1777 577 1827; x_wconf 82' lang='lat' dir='ltr'><strong>nuno</strong></span> <span class='ocrx_word' id='word_1_119' title='bbox 592 1775 729 1844; x_wconf 83' lang='lat' dir='ltr'><strong>quoqrre,</strong></span> <span class='ocrx_word' id='word_1_120' title='bbox 751 1760 808 1825; x_wconf 86' lang='lat' dir='ltr'><strong>ubi</strong></span> <span class='ocrx_word' id='word_1_121' title='bbox 821 1760 927 1826; x_wconf 83' lang='lat' dir='ltr'><strong>divina</strong></span> <span class='ocrx_word' id='word_1_122' title='bbox 943 1761 999 1825; x_wconf 81' lang='lat' dir='ltr'><strong>lun</strong></span> <span class='ocrx_word' id='word_1_123' title='bbox 1012 1778 1079 1826; x_wconf 91' lang='lat' dir='ltr'><strong>non</strong></span> <span class='ocrx_word' id='word_1_124' title='bbox 1092 1761 1222 1840; x_wconf 73' lang='lat' dir='ltr'><strong>affulsit,</strong></span> 
     </span>
     <span class='ocr_line' id='line_1_17' title="bbox 106 1847 1226 1932; baseline 0.002 -18"><span class='ocrx_word' id='word_1_125' title='bbox 106 1867 171 1914; x_wconf 91' lang='lat' dir='ltr'><strong>non</strong></span> <span class='ocrx_word' id='word_1_126' title='bbox 187 1847 325 1912; x_wconf 88' lang='lat' dir='ltr'><strong>absimili</strong></span> <span class='ocrx_word' id='word_1_127' title='bbox 339 1851 448 1930; x_wconf 83' lang='lat' dir='ltr'><strong>gentes</strong></span> <span class='ocrx_word' id='word_1_128' title='bbox 462 1848 600 1929; x_wconf 84' lang='lat' dir='ltr'><strong>caligine</strong></span> <span class='ocrx_word' id='word_1_129' title='bbox 613 1849 768 1915; x_wconf 87' lang='lat' dir='ltr'><strong>laborant.</strong></span> <span class='ocrx_word' id='word_1_130' title='bbox 788 1854 1023 1932; x_wconf 73' lang='lat' dir='ltr'><strong>Argumentum</strong></span> <span class='ocrx_word' id='word_1_131' title='bbox 1039 1849 1101 1916; x_wconf 90' lang='lat' dir='ltr'><strong>boc</strong></span> <span class='ocrx_word' id='word_1_132' title='bbox 1116 1851 1156 1917; x_wconf 91' lang='lat' dir='ltr'><strong>ab</strong></span> <span class='ocrx_word' id='word_1_133' title='bbox 1179 1851 1226 1916; x_wconf 87' lang='lat' dir='ltr'><strong>el-</strong></span> 
     </span>
    </p>
   </div>
   <div class='ocr_carea' id='block_1_3' title="bbox 104 1935 1336 2022">
    <p class='ocr_par' dir='ltr' id='par_1_3' title="bbox 104 1935 1336 2022">
     <span class='ocr_line' id='line_1_18' title="bbox 104 1935 1336 2022; baseline 0.003 -20"><span class='ocrx_word' id='word_1_134' title='bbox 104 1935 253 2011; x_wconf 88' lang='lat' dir='ltr'><strong>lectibus,</strong></span> <span class='ocrx_word' id='word_1_135' title='bbox 263 1937 461 2003; x_wconf 79' lang='lat' dir='ltr'><strong>nataralistis</strong></span> <span class='ocrx_word' id='word_1_136' title='bbox 471 1937 696 2003; x_wconf 77' lang='lat' dir='ltr'><strong>revebtionem</strong></span> <span class='ocrx_word' id='word_1_137' title='bbox 707 1938 966 2020; x_wconf 87' lang='lat' dir='ltr'><strong>despicientibus,</strong></span> <span class='ocrx_word' id='word_1_138' title='bbox 978 1957 1066 2022; x_wconf 86' lang='lat' dir='ltr'><strong>spem</strong></span> <span class='ocrx_word' id='word_1_139' title='bbox 1077 1944 1110 2005; x_wconf 90' lang='lat' dir='ltr'><strong>et</strong></span> <span class='ocrx_word' id='word_1_140' title='bbox 1118 1957 1225 2006; x_wconf 89' lang='lat' dir='ltr'><strong>vocem</strong></span> <span class='ocrx_word' id='word_1_141' title='bbox 1333 1988 1336 1994; x_wconf 78' lang='lat'>·</span> 
     </span>
    </p>
   </div>
   <div class='ocr_carea' id='block_1_4' title="bbox 103 2025 1226 2644">
    <p class='ocr_par' dir='ltr' id='par_1_4' title="bbox 103 2025 1226 2644">
     <span class='ocr_line' id='line_1_19' title="bbox 104 2025 1226 2111; baseline 0.003 -20"><span class='ocrx_word' id='word_1_142' title='bbox 104 2026 414 2092; x_wconf 83' lang='lat' dir='ltr'><strong>exscinditilatione</strong></span> <span class='ocrx_word' id='word_1_143' title='bbox 428 2025 555 2109; x_wconf 86' lang='lat' dir='ltr'><strong>quidem</strong></span> <span class='ocrx_word' id='word_1_144' title='bbox 571 2031 604 2092; x_wconf 89' lang='lat' dir='ltr'><strong>et</strong></span> <span class='ocrx_word' id='word_1_145' title='bbox 619 2026 771 2103; x_wconf 88' lang='lat' dir='ltr'><strong>moribus,</strong></span> <span class='ocrx_word' id='word_1_146' title='bbox 784 2027 848 2109; x_wconf 90' lang='lat' dir='ltr'><strong>ipsi</strong></span> <span class='ocrx_word' id='word_1_147' title='bbox 863 2028 1068 2094; x_wconf 90' lang='lat' dir='ltr'><strong>naturalistae</strong></span> <span class='ocrx_word' id='word_1_148' title='bbox 1082 2028 1226 2111; x_wconf 83' lang='lat' dir='ltr'><strong>proiece-</strong></span> 
     </span>
     <span class='ocr_line' id='line_1_20' title="bbox 103 2115 1222 2199; baseline 0.004 -19"><span class='ocrx_word' id='word_1_149' title='bbox 103 2119 192 2180; x_wconf 89' lang='lat' dir='ltr'><strong>runt:</strong></span> <span class='ocrx_word' id='word_1_150' title='bbox 206 2117 260 2180; x_wconf 89' lang='lat' dir='ltr'><strong>sed</strong></span> <span class='ocrx_word' id='word_1_151' title='bbox 272 2133 313 2180; x_wconf 82' lang='lat' dir='ltr'><strong>ex</strong></span> <span class='ocrx_word' id='word_1_152' title='bbox 323 2115 390 2198; x_wconf 84' lang='lat' dir='ltr'><strong>ipsa</strong></span> <span class='ocrx_word' id='word_1_153' title='bbox 401 2115 594 2182; x_wconf 73' lang='lat' dir='ltr'><strong>revelatione</strong></span> <span class='ocrx_word' id='word_1_154' title='bbox 605 2116 818 2198; x_wconf 84' lang='lat' dir='ltr'><strong>proiecerunt,</strong></span> <span class='ocrx_word' id='word_1_155' title='bbox 829 2117 1222 2199; x_wconf 81' lang='lat' dir='ltr'><strong>quamdetreetantNam,</strong></span> 
     </span>
     <span class='ocr_line' id='line_1_21' title="bbox 104 2204 1222 2287; baseline 0.003 -17"><span class='ocrx_word' id='word_1_156' title='bbox 104 2204 207 2270; x_wconf 88' lang='lat' dir='ltr'><strong>velint</strong></span> <span class='ocrx_word' id='word_1_157' title='bbox 224 2205 462 2280; x_wconf 76' lang='lat' dir='ltr'><strong>nolint,eornm</strong></span> <span class='ocrx_word' id='word_1_158' title='bbox 475 2205 752 2287; x_wconf 80' lang='lat' dir='ltr'><strong>mentes-pervasit</strong></span> <span class='ocrx_word' id='word_1_159' title='bbox 767 2206 822 2270; x_wconf 91' lang='lat' dir='ltr'><strong>illa</strong></span> <span class='ocrx_word' id='word_1_160' title='bbox 833 2207 943 2270; x_wconf 91' lang='lat' dir='ltr'><strong>eadem</strong></span> <span class='ocrx_word' id='word_1_161' title='bbox 960 2207 1024 2282; x_wconf 83' lang='lat' dir='ltr'><strong>lux3</strong></span> <span class='ocrx_word' id='word_1_162' title='bbox 1036 2223 1093 2270; x_wconf 90' lang='lat' dir='ltr'><strong>nec</strong></span> <span class='ocrx_word' id='word_1_163' title='bbox 1104 2204 1222 2284; x_wconf 85' lang='lat' dir='ltr'><strong>sciunt,</strong></span> 
     </span>
     <span class='ocr_line' id='line_1_22' title="bbox 104 2292 1226 2379; baseline 0.004 -23"><span class='ocrx_word' id='word_1_164' title='bbox 104 2293 154 2357; x_wconf 92' lang='lat' dir='ltr'><strong>vel</strong></span> <span class='ocrx_word' id='word_1_165' title='bbox 165 2293 278 2358; x_wconf 87' lang='lat' dir='ltr'><strong>saltem</strong></span> <span class='ocrx_word' id='word_1_166' title='bbox 289 2292 384 2360; x_wconf 86' lang='lat' dir='ltr'><strong>lateri</strong></span> <span class='ocrx_word' id='word_1_167' title='bbox 394 2295 750 2369; x_wconf 71' lang='lat' dir='ltr'><strong>ambutantseerius</strong></span> <span class='ocrx_word' id='word_1_168' title='bbox 760 2295 903 2360; x_wconf 83' lang='lat' dir='ltr'><strong>babuisse</strong></span> <span class='ocrx_word' id='word_1_169' title='bbox 911 2295 1063 2379; x_wconf 77' lang='lat' dir='ltr'><strong>qudquid</strong></span> <span class='ocrx_word' id='word_1_170' title='bbox 1073 2295 1149 2360; x_wconf 91' lang='lat' dir='ltr'><strong>boni</strong></span> <span class='ocrx_word' id='word_1_171' title='bbox 1160 2300 1226 2361; x_wconf 91' lang='lat' dir='ltr'><strong>tra-</strong></span> 
     </span>
     <span class='ocr_line' id='line_1_23' title="bbox 104 2380 1225 2467; baseline 0.002 -22"><span class='ocrx_word' id='word_1_172' title='bbox 104 2380 185 2447; x_wconf 91' lang='lat' dir='ltr'><strong>dunt</strong></span> <span class='ocrx_word' id='word_1_173' title='bbox 195 2383 243 2446; x_wconf 89' lang='lat' dir='ltr'><strong>vel</strong></span> <span class='ocrx_word' id='word_1_174' title='bbox 255 2383 292 2446; x_wconf 89' lang='lat' dir='ltr'><strong>in</strong></span> <span class='ocrx_word' id='word_1_175' title='bbox 302 2381 592 2467; x_wconf 61' lang='lat' dir='ltr'><strong>philosophicum}</strong></span> <span class='ocrx_word' id='word_1_176' title='bbox 601 2383 877 2460; x_wconf 77' lang='lat' dir='ltr'><strong>inmoralibrrs,rel</strong></span> <span class='ocrx_word' id='word_1_177' title='bbox 890 2386 924 2449; x_wconf 91' lang='lat' dir='ltr'><strong>in</strong></span> <span class='ocrx_word' id='word_1_178' title='bbox 932 2384 1075 2450; x_wconf 89' lang='lat' dir='ltr'><strong>civilibus</strong></span> <span class='ocrx_word' id='word_1_179' title='bbox 1086 2384 1225 2466; x_wconf 89' lang='lat' dir='ltr'><strong>discipli-</strong></span> 
     </span>
     <span class='ocr_line' id='line_1_24' title="bbox 105 2471 1225 2556; baseline 0.003 -23"><span class='ocrx_word' id='word_1_180' title='bbox 105 2471 168 2534; x_wconf 90' lang='lat' dir='ltr'><strong>nis.</strong></span> <span class='ocrx_word' id='word_1_181' title='bbox 187 2471 580 2554; x_wconf 72' lang='lat' dir='ltr'><strong>lgitm,mremadmodrm</strong></span> <span class='ocrx_word' id='word_1_182' title='bbox 595 2473 751 2539; x_wconf 84' lang='lat' dir='ltr'><strong>revelatae</strong></span> <span class='ocrx_word' id='word_1_183' title='bbox 766 2473 930 2556; x_wconf 76' lang='lat' dir='ltr'><strong>religiosis</strong></span> <span class='ocrx_word' id='word_1_184' title='bbox 944 2473 1063 2538; x_wconf 78' lang='lat' dir='ltr'><strong>amilio</strong></span> <span class='ocrx_word' id='word_1_185' title='bbox 1077 2490 1117 2538; x_wconf 84' lang='lat' dir='ltr'><strong>err</strong></span> <span class='ocrx_word' id='word_1_186' title='bbox 1130 2490 1225 2554; x_wconf 87' lang='lat' dir='ltr'><strong>paga-</strong></span> 
     </span>
     <span class='ocr_line' id='line_1_25' title="bbox 105 2559 1226 2644; baseline 0.004 -23"><span class='ocrx_word' id='word_1_187' title='bbox 105 2577 224 2624; x_wconf 85' lang='lat' dir='ltr'><strong>norum</strong></span> <span class='ocrx_word' id='word_1_188' title='bbox 238 2561 378 2626; x_wconf 86' lang='lat' dir='ltr'><strong>tenebris</strong></span> <span class='ocrx_word' id='word_1_189' title='bbox 392 2559 433 2625; x_wconf 90' lang='lat' dir='ltr'><strong>ad</strong></span> <span class='ocrx_word' id='word_1_190' title='bbox 445 2561 526 2626; x_wconf 86' lang='lat' dir='ltr'><strong>banc</strong></span> <span class='ocrx_word' id='word_1_191' title='bbox 541 2561 643 2625; x_wconf 88' lang='lat' dir='ltr'><strong>lucem</strong></span> <span class='ocrx_word' id='word_1_192' title='bbox 659 2567 825 2628; x_wconf 86' lang='lat' dir='ltr'><strong>evaserant</strong></span> <span class='ocrx_word' id='word_1_193' title='bbox 840 2565 961 2644; x_wconf 66' lang='lat' dir='ltr'><strong>gentem</strong></span> <span class='ocrx_word' id='word_1_194' title='bbox 973 2563 1031 2638; x_wconf 82' lang='lat' dir='ltr'><strong>ita,</strong></span> <span class='ocrx_word' id='word_1_195' title='bbox 1042 2563 1160 2628; x_wconf 86' lang='lat' dir='ltr'><strong>seclusa</strong></span> <span class='ocrx_word' id='word_1_196' title='bbox 1175 2577 1226 2626; x_wconf 91' lang='lat' dir='ltr'><strong>re-</strong></span> 
     </span>
    </p>
   </div>
   <div class='ocr_carea' id='block_1_5' title="bbox 104 2649 1044 2736">
    <p class='ocr_par' dir='ltr' id='par_1_5' title="bbox 104 2649 1044 2736">
     <span class='ocr_line' id='line_1_26' title="bbox 104 2649 1044 2736; baseline 0.002 -24"><span class='ocrx_word' id='word_1_197' title='bbox 104 2649 275 2726; x_wconf 86' lang='lat' dir='ltr'><strong>velatione,</strong></span> <span class='ocrx_word' id='word_1_198' title='bbox 293 2650 328 2714; x_wconf 93' lang='lat' dir='ltr'><strong>in</strong></span> <span class='ocrx_word' id='word_1_199' title='bbox 344 2650 424 2728; x_wconf 85' lang='lat' dir='ltr'><strong>illas,</strong></span> <span class='ocrx_word' id='word_1_200' title='bbox 441 2649 578 2717; x_wconf 77' lang='lat' dir='ltr'><strong>samsari</strong></span> <span class='ocrx_word' id='word_1_201' title='bbox 593 2649 743 2734; x_wconf 87' lang='lat' dir='ltr'><strong>pondere,</strong></span> <span class='ocrx_word' id='word_1_202' title='bbox 760 2649 1001 2736; x_wconf 80' lang='lat' dir='ltr'><strong>relaberentur(</strong></span> <span class='ocrx_word' id='word_1_203' title='bbox 1021 2650 1044 2736; x_wconf 92' lang='lat'><strong>).</strong></span> 
     </span>
    </p>
   </div>
   <div class='ocr_carea' id='block_1_6' title="bbox 46 2857 1285 4674">
    <p class='ocr_par' dir='ltr' id='par_1_6' title="bbox 46 2857 1230 4292">
     <span class='ocr_line' id='line_1_27' title="bbox 103 2857 1226 2936; baseline -0.001 -15"><span class='ocrx_word' id='word_1_204' title='bbox 103 2869 171 2921; x_wconf 83' lang='lat' dir='ltr'><strong>tum</strong></span> <span class='ocrx_word' id='word_1_205' title='bbox 184 2861 300 2921; x_wconf 73' lang='lat' dir='ltr'><strong>amburi</strong></span> <span class='ocrx_word' id='word_1_206' title='bbox 318 2857 408 2920; x_wconf 80' lang='lat' dir='ltr'><strong>batus</strong></span> <span class='ocrx_word' id='word_1_207' title='bbox 420 2864 499 2920; x_wconf 84' lang='lat' dir='ltr'><strong>ottae</strong></span> <span class='ocrx_word' id='word_1_208' title='bbox 511 2859 845 2936; x_wconf 75' lang='lat' dir='ltr'><strong>includitur;tbeologlae</strong></span> <span class='ocrx_word' id='word_1_209' title='bbox 855 2876 929 2931; x_wconf 88' lang='lat' dir='ltr'><strong>vero,</strong></span> <span class='ocrx_word' id='word_1_210' title='bbox 938 2860 1073 2919; x_wconf 89' lang='lat' dir='ltr'><strong>bominem</strong></span> <span class='ocrx_word' id='word_1_211' title='bbox 1084 2859 1226 2920; x_wconf 56' lang='lat' dir='ltr'><strong>obadia·</strong></span> 
     </span>
     <span class='ocr_line' id='line_1_28' title="bbox 105 2937 1227 3012; baseline 0.001 -17"><span class='ocrx_word' id='word_1_212' title='bbox 105 2956 190 3005; x_wconf 83' lang='lat' dir='ltr'><strong>rrum,</strong></span> <span class='ocrx_word' id='word_1_213' title='bbox 206 2939 363 3012; x_wconf 90' lang='lat' dir='ltr'><strong>inlormare,</strong></span> <span class='ocrx_word' id='word_1_214' title='bbox 376 2939 422 3011; x_wconf 87' lang='lat' dir='ltr'><strong>qui</strong></span> <span class='ocrx_word' id='word_1_215' title='bbox 431 2937 551 2994; x_wconf 82' lang='lat' dir='ltr'><strong>tractum</strong></span> <span class='ocrx_word' id='word_1_216' title='bbox 562 2937 669 3008; x_wconf 89' lang='lat' dir='ltr'><strong>pietatis</strong></span> <span class='ocrx_word' id='word_1_217' title='bbox 678 2943 745 3011; x_wconf 81' lang='lat' dir='ltr'><strong>post</strong></span> <span class='ocrx_word' id='word_1_218' title='bbox 755 2937 834 2995; x_wconf 82' lang='lat' dir='ltr'><strong>boae</strong></span> <span class='ocrx_word' id='word_1_219' title='bbox 843 2943 938 2995; x_wconf 82' lang='lat' dir='ltr'><strong>ettam</strong></span> <span class='ocrx_word' id='word_1_220' title='bbox 949 2942 1082 2994; x_wconf 75' lang='lat' dir='ltr'><strong>maxime</strong></span> <span class='ocrx_word' id='word_1_221' title='bbox 1091 2943 1227 3011; x_wconf 71' lang='lat' dir='ltr'><strong>experiat</strong></span> 
     </span>
     <span class='ocr_line' id='line_1_29' title="bbox 107 3011 1226 3090; baseline -0.001 -20"><span class='ocrx_word' id='word_1_222' title='bbox 107 3015 161 3086; x_wconf 77' lang='lat' dir='ltr'><strong>(De</strong></span> <span class='ocrx_word' id='word_1_223' title='bbox 174 3015 253 3090; x_wconf 80' lang='lat' dir='ltr'><strong>offic.</strong></span> <span class='ocrx_word' id='word_1_224' title='bbox 269 3014 346 3071; x_wconf 84' lang='lat' dir='ltr'><strong>bom.</strong></span> <span class='ocrx_word' id='word_1_225' title='bbox 362 3019 390 3070; x_wconf 87' lang='lat' dir='ltr'><strong>et</strong></span> <span class='ocrx_word' id='word_1_226' title='bbox 402 3017 468 3079; x_wconf 73' lang='lat' dir='ltr'><strong>cto„</strong></span> <span class='ocrx_word' id='word_1_227' title='bbox 483 3013 570 3084; x_wconf 88' lang='lat' dir='ltr'><strong>prael.</strong></span> <span class='ocrx_word' id='word_1_228' title='bbox 585 3018 612 3077; x_wconf 75' lang='lat'><strong>§-</strong></span> <span class='ocrx_word' id='word_1_229' title='bbox 627 3013 661 3070; x_wconf 87' lang='lat' dir='ltr'><strong>Vl</strong></span> <span class='ocrx_word' id='word_1_230' title='bbox 671 3014 697 3084; x_wconf 77' lang='lat' dir='ltr'><strong>t3</strong></span> <span class='ocrx_word' id='word_1_231' title='bbox 713 3014 755 3069; x_wconf 89' lang='lat' dir='ltr'><strong>ius</strong></span> <span class='ocrx_word' id='word_1_232' title='bbox 768 3021 883 3071; x_wconf 88' lang='lat' dir='ltr'><strong>naturae</strong></span> <span class='ocrx_word' id='word_1_233' title='bbox 898 3029 914 3070; x_wconf 86' lang='lat' dir='ltr'><strong>a</strong></span> <span class='ocrx_word' id='word_1_234' title='bbox 927 3013 986 3070; x_wconf 88' lang='lat' dir='ltr'><strong>iura</strong></span> <span class='ocrx_word' id='word_1_235' title='bbox 999 3011 1130 3086; x_wconf 89' lang='lat' dir='ltr'><strong>revelato,</strong></span> <span class='ocrx_word' id='word_1_236' title='bbox 1146 3015 1226 3070; x_wconf 89' lang='lat' dir='ltr'><strong>nimis</strong></span> 
     </span>
     <span class='ocr_line' id='line_1_30' title="bbox 107 3086 1227 3162; baseline 0.002 -20"><span class='ocrx_word' id='word_1_237' title='bbox 107 3091 243 3145; x_wconf 89' lang='lat' dir='ltr'><strong>violenter</strong></span> <span class='ocrx_word' id='word_1_238' title='bbox 254 3087 398 3146; x_wconf 81' lang='lat' dir='ltr'><strong>abscindit.</strong></span> <span class='ocrx_word' id='word_1_239' title='bbox 411 3090 478 3160; x_wconf 87' lang='lat' dir='ltr'><strong>Duo,</strong></span> <span class='ocrx_word' id='word_1_240' title='bbox 491 3088 618 3159; x_wconf 88' lang='lat' dir='ltr'><strong>latemur,</strong></span> <span class='ocrx_word' id='word_1_241' title='bbox 630 3086 834 3146; x_wconf 79' lang='lat' dir='ltr'><strong>distinctasunt</strong></span> <span class='ocrx_word' id='word_1_242' title='bbox 844 3090 914 3160; x_wconf 90' lang='lat' dir='ltr'><strong>iura,</strong></span> <span class='ocrx_word' id='word_1_243' title='bbox 928 3103 1101 3162; x_wconf 84' lang='lat' dir='ltr'><strong>nequaquam</strong></span> <span class='ocrx_word' id='word_1_244' title='bbox 1112 3088 1227 3144; x_wconf 84' lang='lat' dir='ltr'><strong>conion-</strong></span> 
     </span>
     <span class='ocr_line' id='line_1_31' title="bbox 109 3163 1226 3237; baseline 0.001 -19"><span class='ocrx_word' id='word_1_245' title='bbox 109 3163 214 3234; x_wconf 71' lang='lat' dir='ltr'><strong>denda,</strong></span> <span class='ocrx_word' id='word_1_246' title='bbox 230 3164 279 3220; x_wconf 91' lang='lat' dir='ltr'><strong>sed</strong></span> <span class='ocrx_word' id='word_1_247' title='bbox 292 3180 377 3236; x_wconf 86' lang='lat' dir='ltr'><strong>quum</strong></span> <span class='ocrx_word' id='word_1_248' title='bbox 388 3165 414 3219; x_wconf 92' lang='lat' dir='ltr'><strong>io</strong></span> <span class='ocrx_word' id='word_1_249' title='bbox 428 3179 491 3237; x_wconf 87' lang='lat' dir='ltr'><strong>una,</strong></span> <span class='ocrx_word' id='word_1_250' title='bbox 507 3163 629 3220; x_wconf 88' lang='lat' dir='ltr'><strong>eiusdem</strong></span> <span class='ocrx_word' id='word_1_251' title='bbox 641 3163 753 3220; x_wconf 90' lang='lat' dir='ltr'><strong>bominis</strong></span> <span class='ocrx_word' id='word_1_252' title='bbox 764 3165 817 3221; x_wconf 90' lang='lat' dir='ltr'><strong>vita</strong></span> <span class='ocrx_word' id='word_1_253' title='bbox 832 3165 886 3220; x_wconf 90' lang='lat' dir='ltr'><strong>sint</strong></span> <span class='ocrx_word' id='word_1_254' title='bbox 899 3164 1088 3235; x_wconf 85' lang='lat' dir='ltr'><strong>consocianda,</strong></span> <span class='ocrx_word' id='word_1_255' title='bbox 1102 3177 1188 3235; x_wconf 87' lang='lat' dir='ltr'><strong>neque</strong></span> <span class='ocrx_word' id='word_1_256' title='bbox 1199 3164 1226 3219; x_wconf 93' lang='lat' dir='ltr'><strong>in</strong></span> 
     </span>
     <span class='ocr_line' id='line_1_32' title="bbox 110 3238 1227 3310; baseline 0.002 -17"><span class='ocrx_word' id='word_1_257' title='bbox 110 3238 258 3295; x_wconf 85' lang='lat' dir='ltr'><strong>doctrinali</strong></span> <span class='ocrx_word' id='word_1_258' title='bbox 278 3240 487 3310; x_wconf 84' lang='lat' dir='ltr'><strong>disceptatione,</strong></span> <span class='ocrx_word' id='word_1_259' title='bbox 504 3253 594 3310; x_wconf 89' lang='lat' dir='ltr'><strong>neque</strong></span> <span class='ocrx_word' id='word_1_260' title='bbox 609 3239 634 3294; x_wconf 90' lang='lat' dir='ltr'><strong>in</strong></span> <span class='ocrx_word' id='word_1_261' title='bbox 650 3240 772 3309; x_wconf 86' lang='lat' dir='ltr'><strong>practica</strong></span> <span class='ocrx_word' id='word_1_262' title='bbox 786 3240 901 3296; x_wconf 86' lang='lat' dir='ltr'><strong>bominis</strong></span> <span class='ocrx_word' id='word_1_263' title='bbox 915 3239 1094 3309; x_wconf 88' lang='lat' dir='ltr'><strong>institutione,</strong></span> <span class='ocrx_word' id='word_1_264' title='bbox 1111 3239 1227 3295; x_wconf 89' lang='lat' dir='ltr'><strong>invicem</strong></span> 
     </span>
     <span class='ocr_line' id='line_1_33' title="bbox 110 3311 1225 3386; baseline 0.001 -18"><span class='ocrx_word' id='word_1_265' title='bbox 110 3321 176 3372; x_wconf 89' lang='lat' dir='ltr'><strong>sunt</strong></span> <span class='ocrx_word' id='word_1_266' title='bbox 192 3314 349 3371; x_wconf 89' lang='lat' dir='ltr'><strong>recidenda.</strong></span> <span class='ocrx_word' id='word_1_267' title='bbox 365 3315 403 3370; x_wconf 83' lang='lat' dir='ltr'><strong>Ea</strong></span> <span class='ocrx_word' id='word_1_268' title='bbox 416 3315 507 3386; x_wconf 84' lang='lat' dir='ltr'><strong>itaque</strong></span> <span class='ocrx_word' id='word_1_269' title='bbox 519 3316 634 3385; x_wconf 90' lang='lat' dir='ltr'><strong>ratione,</strong></span> <span class='ocrx_word' id='word_1_270' title='bbox 646 3329 701 3384; x_wconf 78' lang='lat' dir='ltr'><strong>qua</strong></span> <span class='ocrx_word' id='word_1_271' title='bbox 715 3315 794 3370; x_wconf 88' lang='lat' dir='ltr'><strong>bomo</strong></span> <span class='ocrx_word' id='word_1_272' title='bbox 808 3315 927 3384; x_wconf 86' lang='lat' dir='ltr'><strong>perlaeta</strong></span> <span class='ocrx_word' id='word_1_273' title='bbox 940 3311 1088 3371; x_wconf 79' lang='lat' dir='ltr'><strong>sectabilis</strong></span> <span class='ocrx_word' id='word_1_274' title='bbox 1101 3329 1154 3370; x_wconf 91' lang='lat' dir='ltr'><strong>nou</strong></span> <span class='ocrx_word' id='word_1_275' title='bbox 1167 3315 1225 3383; x_wconf 83' lang='lat' dir='ltr'><strong>liet,</strong></span> 
     </span>
     <span class='ocr_line' id='line_1_34' title="bbox 46 3388 1228 3461; baseline 0.002 -17"><span class='ocrx_word' id='word_1_276' title='bbox 46 3419 51 3427; x_wconf 87' lang='lat'>·</span> <span class='ocrx_word' id='word_1_277' title='bbox 108 3389 234 3446; x_wconf 86' lang='lat' dir='ltr'><strong>moribus</strong></span> <span class='ocrx_word' id='word_1_278' title='bbox 248 3391 275 3444; x_wconf 89' lang='lat' dir='ltr'><strong>ni</strong></span> <span class='ocrx_word' id='word_1_279' title='bbox 288 3392 333 3446; x_wconf 91' lang='lat' dir='ltr'><strong>liat</strong></span> <span class='ocrx_word' id='word_1_280' title='bbox 347 3390 702 3460; x_wconf 60' lang='lat' dir='ltr'><strong>christianitatemque</strong></span> <span class='ocrx_word' id='word_1_281' title='bbox 718 3406 769 3446; x_wconf 88' lang='lat' dir='ltr'><strong>non</strong></span> <span class='ocrx_word' id='word_1_282' title='bbox 780 3393 826 3446; x_wconf 88' lang='lat' dir='ltr'><strong>liet</strong></span> <span class='ocrx_word' id='word_1_283' title='bbox 841 3390 992 3460; x_wconf 85' lang='lat' dir='ltr'><strong>perlectum</strong></span> <span class='ocrx_word' id='word_1_284' title='bbox 1001 3388 1043 3461; x_wconf 88' lang='lat' dir='ltr'><strong>ius</strong></span> <span class='ocrx_word' id='word_1_285' title='bbox 1053 3389 1228 3446; x_wconf 86' lang='lat' dir='ltr'><strong>humanitatis</strong></span> 
     </span>
     <span class='ocr_line' id='line_1_35' title="bbox 110 3463 1228 3537; baseline 0.004 -21"><span class='ocrx_word' id='word_1_286' title='bbox 110 3466 151 3522; x_wconf 81' lang='lat' dir='ltr'><strong>rel</strong></span> <span class='ocrx_word' id='word_1_287' title='bbox 165 3466 304 3537; x_wconf 82' lang='lat' dir='ltr'><strong>gentium,</strong></span> <span class='ocrx_word' id='word_1_288' title='bbox 325 3466 377 3521; x_wconf 92' lang='lat' dir='ltr'><strong>nisi</strong></span> <span class='ocrx_word' id='word_1_289' title='bbox 393 3465 434 3520; x_wconf 90' lang='lat' dir='ltr'><strong>ius</strong></span> <span class='ocrx_word' id='word_1_290' title='bbox 448 3471 572 3536; x_wconf 86' lang='lat' dir='ltr'><strong>naturae,</strong></span> <span class='ocrx_word' id='word_1_291' title='bbox 588 3464 738 3520; x_wconf 87' lang='lat' dir='ltr'><strong>christiano</strong></span> <span class='ocrx_word' id='word_1_292' title='bbox 758 3465 815 3521; x_wconf 89' lang='lat' dir='ltr'><strong>iure</strong></span> <span class='ocrx_word' id='word_1_293' title='bbox 830 3465 996 3536; x_wconf 81' lang='lat' dir='ltr'><strong>perficiatur.</strong></span> <span class='ocrx_word' id='word_1_294' title='bbox 1011 3463 1116 3521; x_wconf 84' lang='lat' dir='ltr'><strong>Crescit</strong></span> <span class='ocrx_word' id='word_1_295' title='bbox 1137 3471 1228 3521; x_wconf 90' lang='lat' dir='ltr'><strong>autem</strong></span> 
     </span>
     <span class='ocr_line' id='line_1_36' title="bbox 109 3538 1228 3613; baseline -0.002 -15"><span class='ocrx_word' id='word_1_296' title='bbox 109 3542 271 3613; x_wconf 88' lang='lat' dir='ltr'><strong>argumenti</strong></span> <span class='ocrx_word' id='word_1_297' title='bbox 284 3543 337 3613; x_wconf 89' lang='lat' dir='ltr'><strong>vis,</strong></span> <span class='ocrx_word' id='word_1_298' title='bbox 353 3541 375 3595; x_wconf 84' lang='lat' dir='ltr'><strong>si</strong></span> <span class='ocrx_word' id='word_1_299' title='bbox 390 3539 424 3596; x_wconf 94' lang='lat' dir='ltr'><strong>de</strong></span> <span class='ocrx_word' id='word_1_300' title='bbox 439 3539 578 3611; x_wconf 76' lang='lat' dir='ltr'><strong>religionis</strong></span> <span class='ocrx_word' id='word_1_301' title='bbox 592 3544 690 3610; x_wconf 86' lang='lat' dir='ltr'><strong>agatur</strong></span> <span class='ocrx_word' id='word_1_302' title='bbox 703 3540 808 3612; x_wconf 88' lang='lat' dir='ltr'><strong>origine</strong></span> <span class='ocrx_word' id='word_1_303' title='bbox 821 3547 850 3596; x_wconf 89' lang='lat' dir='ltr'><strong>at</strong></span> <span class='ocrx_word' id='word_1_304' title='bbox 862 3541 1033 3598; x_wconf 72' lang='lat' dir='ltr'><strong>securitate.</strong></span> <span class='ocrx_word' id='word_1_305' title='bbox 1050 3538 1188 3597; x_wconf 85' lang='lat' dir='ltr'><strong>Sociabilis</strong></span> <span class='ocrx_word' id='word_1_306' title='bbox 1198 3555 1228 3596; x_wconf 89' lang='lat' dir='ltr'><strong>a·</strong></span> 
     </span>
     <span class='ocr_line' id='line_1_37' title="bbox 109 3613 1229 3689; baseline -0.002 -17"><span class='ocrx_word' id='word_1_307' title='bbox 109 3618 165 3672; x_wconf 90' lang='lat' dir='ltr'><strong>nim</strong></span> <span class='ocrx_word' id='word_1_308' title='bbox 181 3632 268 3689; x_wconf 90' lang='lat' dir='ltr'><strong>quum</strong></span> <span class='ocrx_word' id='word_1_309' title='bbox 282 3633 315 3687; x_wconf 86' lang='lat' dir='ltr'><strong>ea</strong></span> <span class='ocrx_word' id='word_1_310' title='bbox 330 3623 438 3678; x_wconf 73' lang='lat' dir='ltr'><strong>tantum,</strong></span> <span class='ocrx_word' id='word_1_311' title='bbox 446 3615 568 3672; x_wconf 86' lang='lat' dir='ltr'><strong>habenda</strong></span> <span class='ocrx_word' id='word_1_312' title='bbox 582 3616 617 3670; x_wconf 87' lang='lat' dir='ltr'><strong>sit</strong></span> <span class='ocrx_word' id='word_1_313' title='bbox 628 3615 735 3687; x_wconf 86' lang='lat' dir='ltr'><strong>religio,</strong></span> <span class='ocrx_word' id='word_1_314' title='bbox 748 3631 816 3687; x_wconf 87' lang='lat' dir='ltr'><strong>quaa</strong></span> <span class='ocrx_word' id='word_1_315' title='bbox 828 3616 919 3672; x_wconf 84' lang='lat' dir='ltr'><strong>divina</strong></span> <span class='ocrx_word' id='word_1_316' title='bbox 930 3631 980 3672; x_wconf 88' lang='lat' dir='ltr'><strong>neo</strong></span> <span class='ocrx_word' id='word_1_317' title='bbox 990 3613 1094 3671; x_wconf 89' lang='lat' dir='ltr'><strong>lallibili</strong></span> <span class='ocrx_word' id='word_1_318' title='bbox 1108 3616 1229 3672; x_wconf 89' lang='lat' dir='ltr'><strong>auetori-</strong></span> 
     </span>
     <span class='ocr_line' id='line_1_38' title="bbox 109 3690 1227 3764; baseline -0.003 -16"><span class='ocrx_word' id='word_1_319' title='bbox 109 3698 177 3763; x_wconf 87' lang='lat' dir='ltr'><strong>tate,</strong></span> <span class='ocrx_word' id='word_1_320' title='bbox 202 3693 375 3764; x_wconf 86' lang='lat' dir='ltr'><strong>maximoque</strong></span> <span class='ocrx_word' id='word_1_321' title='bbox 388 3691 508 3748; x_wconf 90' lang='lat' dir='ltr'><strong>omnium</strong></span> <span class='ocrx_word' id='word_1_322' title='bbox 524 3690 648 3761; x_wconf 88' lang='lat' dir='ltr'><strong>imperio,</strong></span> <span class='ocrx_word' id='word_1_323' title='bbox 662 3693 818 3748; x_wconf 68' lang='lat' dir='ltr'><strong>uuiursam</strong></span> <span class='ocrx_word' id='word_1_324' title='bbox 831 3692 989 3748; x_wconf 85' lang='lat' dir='ltr'><strong>societatem</strong></span> <span class='ocrx_word' id='word_1_325' title='bbox 1002 3704 1098 3762; x_wconf 89' lang='lat' dir='ltr'><strong>regere</strong></span> <span class='ocrx_word' id='word_1_326' title='bbox 1111 3697 1140 3747; x_wconf 92' lang='lat' dir='ltr'><strong>et</strong></span> <span class='ocrx_word' id='word_1_327' title='bbox 1153 3691 1227 3748; x_wconf 88' lang='lat' dir='ltr'><strong>cobi-</strong></span> 
     </span>
     <span class='ocr_line' id='line_1_39' title="bbox 110 3764 1229 3841; baseline -0.002 -19"><span class='ocrx_word' id='word_1_328' title='bbox 110 3767 176 3823; x_wconf 90' lang='lat' dir='ltr'><strong>bere</strong></span> <span class='ocrx_word' id='word_1_329' title='bbox 192 3764 296 3838; x_wconf 73' lang='lat' dir='ltr'><strong>valeat,</strong></span> <span class='ocrx_word' id='word_1_330' title='bbox 320 3773 350 3824; x_wconf 90' lang='lat' dir='ltr'><strong>nt</strong></span> <span class='ocrx_word' id='word_1_331' title='bbox 364 3767 406 3823; x_wconf 89' lang='lat' dir='ltr'><strong>ius</strong></span> <span class='ocrx_word' id='word_1_332' title='bbox 419 3765 542 3822; x_wconf 89' lang='lat' dir='ltr'><strong>naturale</strong></span> <span class='ocrx_word' id='word_1_333' title='bbox 556 3773 584 3822; x_wconf 91' lang='lat' dir='ltr'><strong>et</strong></span> <span class='ocrx_word' id='word_1_334' title='bbox 597 3766 708 3841; x_wconf 82' lang='lat' dir='ltr'><strong>sociale,</strong></span> <span class='ocrx_word' id='word_1_335' title='bbox 724 3767 794 3822; x_wconf 86' lang='lat' dir='ltr'><strong>bano</strong></span> <span class='ocrx_word' id='word_1_336' title='bbox 808 3767 964 3839; x_wconf 85' lang='lat' dir='ltr'><strong>religionem</strong></span> <span class='ocrx_word' id='word_1_337' title='bbox 977 3782 992 3822; x_wconf 86' lang='lat' dir='ltr'><strong>a</strong></span> <span class='ocrx_word' id='word_1_338' title='bbox 1006 3766 1064 3822; x_wconf 92' lang='lat' dir='ltr'><strong>iure</strong></span> <span class='ocrx_word' id='word_1_339' title='bbox 1078 3765 1166 3822; x_wconf 89' lang='lat' dir='ltr'><strong>divino</strong></span> <span class='ocrx_word' id='word_1_340' title='bbox 1179 3781 1229 3821; x_wconf 83' lang='lat' dir='ltr'><strong>ex·</strong></span> 
     </span>
     <span class='ocr_line' id='line_1_40' title="bbox 113 3840 1230 3915; baseline -0.004 -15"><span class='ocrx_word' id='word_1_341' title='bbox 113 3841 248 3915; x_wconf 80' lang='lat' dir='ltr'><strong>postulet,</strong></span> <span class='ocrx_word' id='word_1_342' title='bbox 270 3843 328 3914; x_wconf 86' lang='lat' dir='ltr'><strong>ipsa</strong></span> <span class='ocrx_word' id='word_1_343' title='bbox 342 3849 457 3914; x_wconf 89' lang='lat' dir='ltr'><strong>urgetur</strong></span> <span class='ocrx_word' id='word_1_344' title='bbox 470 3843 509 3898; x_wconf 85' lang='lat' dir='ltr'><strong>rei</strong></span> <span class='ocrx_word' id='word_1_345' title='bbox 523 3848 620 3897; x_wconf 90' lang='lat' dir='ltr'><strong>natura</strong></span> <span class='ocrx_word' id='word_1_346' title='bbox 633 3849 661 3898; x_wconf 91' lang='lat' dir='ltr'><strong>et</strong></span> <span class='ocrx_word' id='word_1_347' title='bbox 674 3842 851 3898; x_wconf 86' lang='lat' dir='ltr'><strong>necessitate.</strong></span> <span class='ocrx_word' id='word_1_348' title='bbox 868 3844 923 3900; x_wconf 89' lang='lat' dir='ltr'><strong>Nec</strong></span> <span class='ocrx_word' id='word_1_349' title='bbox 937 3841 999 3898; x_wconf 91' lang='lat' dir='ltr'><strong>iude</strong></span> <span class='ocrx_word' id='word_1_350' title='bbox 1013 3840 1067 3897; x_wconf 86' lang='lat' dir='ltr'><strong>nlla</strong></span> <span class='ocrx_word' id='word_1_351' title='bbox 1081 3842 1146 3898; x_wconf 90' lang='lat' dir='ltr'><strong>iuris</strong></span> <span class='ocrx_word' id='word_1_352' title='bbox 1160 3857 1230 3897; x_wconf 92' lang='lat' dir='ltr'><strong>con-</strong></span> 
     </span>
     <span class='ocr_line' id='line_1_41' title="bbox 110 3915 1229 3991; baseline -0.004 -16"><span class='ocrx_word' id='word_1_353' title='bbox 110 3919 190 3990; x_wconf 89' lang='lat' dir='ltr'><strong>lusio,</strong></span> <span class='ocrx_word' id='word_1_354' title='bbox 206 3918 440 3991; x_wconf 82' lang='lat' dir='ltr'><strong>quemadmodum</strong></span> <span class='ocrx_word' id='word_1_355' title='bbox 461 3933 512 3974; x_wconf 90' lang='lat' dir='ltr'><strong>nee</strong></span> <span class='ocrx_word' id='word_1_356' title='bbox 525 3918 605 3973; x_wconf 88' lang='lat' dir='ltr'><strong>amici</strong></span> <span class='ocrx_word' id='word_1_357' title='bbox 618 3918 746 3976; x_wconf 84' lang='lat' dir='ltr'><strong>dexteras</strong></span> <span class='ocrx_word' id='word_1_358' title='bbox 760 3918 940 3989; x_wconf 85' lang='lat' dir='ltr'><strong>conlaudant,</strong></span> <span class='ocrx_word' id='word_1_359' title='bbox 956 3916 1021 3972; x_wconf 88' lang='lat' dir='ltr'><strong>dum</strong></span> <span class='ocrx_word' id='word_1_360' title='bbox 1034 3916 1101 3972; x_wconf 89' lang='lat' dir='ltr'><strong>aliae</strong></span> <span class='ocrx_word' id='word_1_361' title='bbox 1115 3915 1174 3972; x_wconf 89' lang='lat' dir='ltr'><strong>aliis</strong></span> <span class='ocrx_word' id='word_1_362' title='bbox 1187 3917 1229 3972; x_wconf 91' lang='lat' dir='ltr'><strong>in·</strong></span> 
     </span>
     <span class='ocr_line' id='line_1_42' title="bbox 109 3990 1229 4066; baseline -0.002 -16"><span class='ocrx_word' id='word_1_363' title='bbox 109 3999 299 4051; x_wconf 88' lang='lat' dir='ltr'><strong>terseruntur.</strong></span> <span class='ocrx_word' id='word_1_364' title='bbox 319 3995 378 4050; x_wconf 89' lang='lat' dir='ltr'><strong>lloc</strong></span> <span class='ocrx_word' id='word_1_365' title='bbox 392 3994 497 4051; x_wconf 87' lang='lat' dir='ltr'><strong>dudum</strong></span> <span class='ocrx_word' id='word_1_366' title='bbox 516 3994 577 4050; x_wconf 89' lang='lat' dir='ltr'><strong>vitio</strong></span> <span class='ocrx_word' id='word_1_367' title='bbox 590 3998 727 4065; x_wconf 83' lang='lat' dir='ltr'><strong>tenemur,</strong></span> <span class='ocrx_word' id='word_1_368' title='bbox 748 3993 821 4066; x_wconf 87' lang='lat' dir='ltr'><strong>quod</strong></span> <span class='ocrx_word' id='word_1_369' title='bbox 835 4009 882 4050; x_wconf 87' lang='lat' dir='ltr'><strong>ros</strong></span> <span class='ocrx_word' id='word_1_370' title='bbox 891 3993 1036 4054; x_wconf 83' lang='lat' dir='ltr'><strong>distinctas</strong></span> <span class='ocrx_word' id='word_1_371' title='bbox 1055 3991 1165 4063; x_wconf 85' lang='lat' dir='ltr'><strong>quidem</strong></span> <span class='ocrx_word' id='word_1_372' title='bbox 1179 3990 1229 4048; x_wconf 89' lang='lat' dir='ltr'><strong>sed</strong></span> 
     </span>
     <span class='ocr_line' id='line_1_43' title="bbox 110 4065 1230 4142; baseline -0.005 -16"><span class='ocrx_word' id='word_1_373' title='bbox 110 4069 269 4142; x_wconf 84' lang='lat' dir='ltr'><strong>sociandas,</strong></span> <span class='ocrx_word' id='word_1_374' title='bbox 290 4069 330 4126; x_wconf 90' lang='lat' dir='ltr'><strong>uti</strong></span> <span class='ocrx_word' id='word_1_375' title='bbox 346 4067 482 4126; x_wconf 90' lang='lat' dir='ltr'><strong>naturalia</strong></span> <span class='ocrx_word' id='word_1_376' title='bbox 497 4074 524 4124; x_wconf 93' lang='lat' dir='ltr'><strong>et</strong></span> <span class='ocrx_word' id='word_1_377' title='bbox 538 4069 766 4142; x_wconf 78' lang='lat' dir='ltr'><strong>supernaturalia,</strong></span> <span class='ocrx_word' id='word_1_378' title='bbox 783 4085 833 4140; x_wconf 81' lang='lat' dir='ltr'><strong>nos</strong></span> <span class='ocrx_word' id='word_1_379' title='bbox 846 4068 953 4126; x_wconf 89' lang='lat' dir='ltr'><strong>incauta</strong></span> <span class='ocrx_word' id='word_1_380' title='bbox 972 4065 1015 4122; x_wconf 87' lang='lat' dir='ltr'><strong>vel</strong></span> <span class='ocrx_word' id='word_1_381' title='bbox 1030 4065 1160 4124; x_wconf 71' lang='lat' dir='ltr'><strong>audamer</strong></span> <span class='ocrx_word' id='word_1_382' title='bbox 1172 4067 1230 4122; x_wconf 92' lang='lat' dir='ltr'><strong>dis·</strong></span> 
     </span>
     <span class='ocr_line' id='line_1_44' title="bbox 107 4140 1230 4216; baseline -0.004 -14"><span class='ocrx_word' id='word_1_383' title='bbox 107 4145 251 4202; x_wconf 84' lang='lat' dir='ltr'><strong>solvimus.</strong></span> <span class='ocrx_word' id='word_1_384' title='bbox 272 4144 350 4202; x_wconf 87' lang='lat' dir='ltr'><strong>Unde</strong></span> <span class='ocrx_word' id='word_1_385' title='bbox 370 4143 418 4202; x_wconf 92' lang='lat' dir='ltr'><strong>illa</strong></span> <span class='ocrx_word' id='word_1_386' title='bbox 431 4143 534 4215; x_wconf 89' lang='lat' dir='ltr'><strong>prodiit-</strong></span> <span class='ocrx_word' id='word_1_387' title='bbox 551 4144 692 4202; x_wconf 85' lang='lat' dir='ltr'><strong>infirmitas</strong></span> <span class='ocrx_word' id='word_1_388' title='bbox 713 4145 886 4201; x_wconf 87' lang='lat' dir='ltr'><strong>scientiarum</strong></span> <span class='ocrx_word' id='word_1_389' title='bbox 906 4149 988 4216; x_wconf 78' lang='lat' dir='ltr'><strong>atque</strong></span> <span class='ocrx_word' id='word_1_390' title='bbox 1007 4140 1189 4215; x_wconf 89' lang='lat' dir='ltr'><strong>ingeniorum,</strong></span> <span class='ocrx_word' id='word_1_391' title='bbox 1203 4146 1230 4198; x_wconf 90' lang='lat' dir='ltr'><strong>et</strong></span> 
     </span>
     <span class='ocr_line' id='line_1_45' title="bbox 108 4219 850 4292; baseline -0.004 -15"><span class='ocrx_word' id='word_1_392' title='bbox 108 4221 165 4278; x_wconf 84' lang='lat' dir='ltr'><strong>lere</strong></span> <span class='ocrx_word' id='word_1_393' title='bbox 179 4220 230 4278; x_wconf 88' lang='lat' dir='ltr'><strong>illa</strong></span> <span class='ocrx_word' id='word_1_394' title='bbox 242 4221 381 4278; x_wconf 87' lang='lat' dir='ltr'><strong>societatis</strong></span> <span class='ocrx_word' id='word_1_395' title='bbox 395 4235 481 4288; x_wconf 87' lang='lat' dir='ltr'><strong>mors,</strong></span> <span class='ocrx_word' id='word_1_396' title='bbox 496 4235 549 4291; x_wconf 87' lang='lat' dir='ltr'><strong>qua</strong></span> <span class='ocrx_word' id='word_1_397' title='bbox 562 4220 671 4292; x_wconf 83' lang='lat' dir='ltr'><strong>egregie</strong></span> <span class='ocrx_word' id='word_1_398' title='bbox 686 4219 850 4276; x_wconf 86' lang='lat' dir='ltr'><strong>laboramus.</strong></span> 
     </span>
    </p>

    <p class='ocr_par' dir='ltr' id='par_1_7' title="bbox 106 4289 1285 4674">
     <span class='ocr_line' id='line_1_46' title="bbox 186 4289 1230 4368; baseline -0.005 -15"><span class='ocrx_word' id='word_1_399' title='bbox 186 4295 227 4368; x_wconf 75' lang='lat' dir='ltr'><strong>lat</strong></span> <span class='ocrx_word' id='word_1_400' title='bbox 242 4296 398 4352; x_wconf 85' lang='lat' dir='ltr'><strong>Cultissima</strong></span> <span class='ocrx_word' id='word_1_401' title='bbox 411 4311 481 4367; x_wconf 84' lang='lat' dir='ltr'><strong>quae</strong></span> <span class='ocrx_word' id='word_1_402' title='bbox 494 4294 631 4351; x_wconf 86' lang='lat' dir='ltr'><strong>Christum</strong></span> <span class='ocrx_word' id='word_1_403' title='bbox 646 4302 852 4365; x_wconf 87' lang='lat' dir='ltr'><strong>praecesserant</strong></span> <span class='ocrx_word' id='word_1_404' title='bbox 868 4300 1000 4364; x_wconf 86' lang='lat' dir='ltr'><strong>tempora,</strong></span> <span class='ocrx_word' id='word_1_405' title='bbox 1019 4289 1175 4350; x_wconf 81' lang='lat' dir='ltr'><strong>foedissima</strong></span> <span class='ocrx_word' id='word_1_406' title='bbox 1187 4297 1230 4348; x_wconf 87' lang='lat' dir='ltr'><strong>at·</strong></span> 
     </span>
     <span class='ocr_line' id='line_1_47' title="bbox 106 4365 1231 4445; baseline -0.005 -17"><span class='ocrx_word' id='word_1_407' title='bbox 106 4385 159 4445; x_wconf 88' lang='lat' dir='ltr'><strong>que</strong></span> <span class='ocrx_word' id='word_1_408' title='bbox 171 4371 344 4428; x_wconf 86' lang='lat' dir='ltr'><strong>atrocissima</strong></span> <span class='ocrx_word' id='word_1_409' title='bbox 357 4372 445 4428; x_wconf 76' lang='lat' dir='ltr'><strong>lorum</strong></span> <span class='ocrx_word' id='word_1_410' title='bbox 458 4369 697 4428; x_wconf 82' lang='lat' dir='ltr'><strong>dicendaNullum</strong></span> <span class='ocrx_word' id='word_1_411' title='bbox 713 4372 755 4428; x_wconf 86' lang='lat' dir='ltr'><strong>ius</strong></span> <span class='ocrx_word' id='word_1_412' title='bbox 767 4370 900 4443; x_wconf 84' lang='lat' dir='ltr'><strong>gentium,</strong></span> <span class='ocrx_word' id='word_1_413' title='bbox 910 4369 961 4426; x_wconf 88' lang='lat' dir='ltr'><strong>nisi</strong></span> <span class='ocrx_word' id='word_1_414' title='bbox 974 4365 1047 4440; x_wconf 83' lang='lat' dir='ltr'><strong>qnod</strong></span> <span class='ocrx_word' id='word_1_415' title='bbox 1059 4367 1135 4424; x_wconf 81' lang='lat' dir='ltr'><strong>furor</strong></span> <span class='ocrx_word' id='word_1_416' title='bbox 1147 4373 1175 4424; x_wconf 90' lang='lat' dir='ltr'><strong>et</strong></span> <span class='ocrx_word' id='word_1_417' title='bbox 1185 4381 1231 4423; x_wconf 88' lang='lat' dir='ltr'><strong>ar·</strong></span> 
     </span>
     <span class='ocr_line' id='line_1_48' title="bbox 107 4442 1285 4516; baseline -0.008 -11"><span class='ocrx_word' id='word_1_418' title='bbox 107 4464 150 4505; x_wconf 87' lang='lat' dir='ltr'><strong>ma</strong></span> <span class='ocrx_word' id='word_1_419' title='bbox 159 4447 364 4504; x_wconf 86' lang='lat' dir='ltr'><strong>ministrabant.</strong></span> <span class='ocrx_word' id='word_1_420' title='bbox 376 4446 503 4504; x_wconf 81' lang='lat' dir='ltr'><strong>Civitates</strong></span> <span class='ocrx_word' id='word_1_421' title='bbox 521 4450 549 4500; x_wconf 90' lang='lat' dir='ltr'><strong>et</strong></span> <span class='ocrx_word' id='word_1_422' title='bbox 560 4445 672 4516; x_wconf 89' lang='lat' dir='ltr'><strong>imperia</strong></span> <span class='ocrx_word' id='word_1_423' title='bbox 685 4461 748 4502; x_wconf 89' lang='lat' dir='ltr'><strong>suos</strong></span> <span class='ocrx_word' id='word_1_424' title='bbox 763 4447 877 4502; x_wconf 85' lang='lat' dir='ltr'><strong>seorsim</strong></span> <span class='ocrx_word' id='word_1_425' title='bbox 890 4444 990 4502; x_wconf 87' lang='lat' dir='ltr'><strong>babere</strong></span> <span class='ocrx_word' id='word_1_426' title='bbox 1000 4442 1231 4500; x_wconf 81' lang='lat' dir='ltr'><strong>Deoseredeban·</strong></span> <span class='ocrx_word' id='word_1_427' title='bbox 1283 4479 1285 4486; x_wconf 48' lang='lat'>&gt;</span> 
     </span>
     <span class='ocr_line' id='line_1_49' title="bbox 106 4515 1230 4595; baseline -0.009 -16"><span class='ocrx_word' id='word_1_428' title='bbox 106 4529 163 4594; x_wconf 89' lang='lat' dir='ltr'><strong>tar,</strong></span> <span class='ocrx_word' id='word_1_429' title='bbox 174 4528 204 4580; x_wconf 89' lang='lat' dir='ltr'><strong>et</strong></span> <span class='ocrx_word' id='word_1_430' title='bbox 214 4523 289 4593; x_wconf 90' lang='lat' dir='ltr'><strong>ipsos</strong></span> <span class='ocrx_word' id='word_1_431' title='bbox 299 4521 371 4580; x_wconf 90' lang='lat' dir='ltr'><strong>bella</strong></span> <span class='ocrx_word' id='word_1_432' title='bbox 385 4537 492 4595; x_wconf 78' lang='lat' dir='ltr'><strong>geram,</strong></span> <span class='ocrx_word' id='word_1_433' title='bbox 509 4515 833 4590; x_wconf 80' lang='lat' dir='ltr'><strong>delectari&#39;casdtbus‚.sr</strong></span> <span class='ocrx_word' id='word_1_434' title='bbox 842 4521 958 4577; x_wconf 86' lang='lat' dir='ltr'><strong>bumana</strong></span> <span class='ocrx_word' id='word_1_435' title='bbox 972 4517 1103 4590; x_wconf 89' lang='lat' dir='ltr'><strong>sanguine</strong></span> <span class='ocrx_word' id='word_1_436' title='bbox 1114 4515 1230 4586; x_wconf 71' lang='lat' dir='ltr'><strong>tutari,</strong></span> 
     </span>
     <span class='ocr_line' id='line_1_50' title="bbox 107 4590 1231 4674; baseline -0.005 -22"><span class='ocrx_word' id='word_1_437' title='bbox 107 4599 196 4656; x_wconf 89' lang='lat' dir='ltr'><strong>victos</strong></span> <span class='ocrx_word' id='word_1_438' title='bbox 209 4603 313 4674; x_wconf 85' lang='lat' dir='ltr'><strong>autem,</strong></span> <span class='ocrx_word' id='word_1_439' title='bbox 338 4613 371 4654; x_wconf 81' lang='lat' dir='ltr'><strong>ex</strong></span> <span class='ocrx_word' id='word_1_440' title='bbox 385 4612 439 4655; x_wconf 87' lang='lat' dir='ltr'><strong>una</strong></span> <span class='ocrx_word' id='word_1_441' title='bbox 455 4597 480 4654; x_wconf 92' lang='lat' dir='ltr'><strong>in</strong></span> <span class='ocrx_word' id='word_1_442' title='bbox 494 4596 573 4653; x_wconf 89' lang='lat' dir='ltr'><strong>aliam</strong></span> <span class='ocrx_word' id='word_1_443' title='bbox 594 4601 703 4670; x_wconf 85' lang='lat' dir='ltr'><strong>gentem</strong></span> <span class='ocrx_word' id='word_1_444' title='bbox 719 4596 884 4668; x_wconf 89' lang='lat' dir='ltr'><strong>immigrare.</strong></span> <span class='ocrx_word' id='word_1_445' title='bbox 906 4595 994 4668; x_wconf 89' lang='lat' dir='ltr'><strong>Unde,</strong></span> <span class='ocrx_word' id='word_1_446' title='bbox 1014 4593 1071 4650; x_wconf 87' lang='lat' dir='ltr'><strong>iure</strong></span> <span class='ocrx_word' id='word_1_447' title='bbox 1083 4591 1156 4666; x_wconf 89' lang='lat' dir='ltr'><strong>belli,</strong></span> <span class='ocrx_word' id='word_1_448' title='bbox 1173 4590 1231 4663; x_wconf 87' lang='lat' dir='ltr'><strong>ipsa</strong></span> 
     </span>
    </p>
   </div>
   <div class='ocr_carea' id='block_1_7' title="bbox 0 0 1624 5282">
    <p class='ocr_par' dir='ltr' id='par_1_8' title="bbox 0 0 1624 5282">
     <span class='ocr_line' id='line_1_51' title="bbox 0 0 1624 5282; baseline 0 0"><span class='ocrx_word' id='word_1_449' title='bbox 0 0 1624 5282; x_wconf 95' lang='lat' dir='ltr'><strong> </strong></span> 
     </span>
    </p>
   </div>
  </div>
 </body>
</html>
