<?xml version="1.0" encoding="UTF-8"?>
<!DOCTYPE html PUBLIC "-//W3C//DTD XHTML 1.0 Transitional//EN"
    "http://www.w3.org/TR/xhtml1/DTD/xhtml1-transitional.dtd">
<html xmlns="http://www.w3.org/1999/xhtml" xml:lang="en" lang="en">
 <head>
  <title>
</title>
<meta http-equiv="Content-Type" content="text/html;charset=utf-8" />
  <meta name='ocr-system' content='tesseract 3.04.00' />
  <meta name='ocr-capabilities' content='ocr_page ocr_carea ocr_par ocr_line ocrx_word'/>
</head>
<body>
  <div class='ocr_page' id='page_1' title='image "./iurisnaturaeetg01audigoog_0277.png"; bbox 0 0 3238 5282; ppageno 0'>
   <div class='ocr_carea' id='block_1_1' title="bbox 417 320 1015 401">
    <p class='ocr_par' dir='ltr' id='par_1_1' title="bbox 417 320 1015 416">
     <span class='ocr_line' id='line_1_1' title="bbox 417 320 1015 401; baseline -0.007 -9"><span class='ocrx_word' id='word_1_1' title='bbox 417 320 484 401; x_wconf 74' lang='grc'><strong>256</strong></span> <span class='ocrx_word' id='word_1_2' title='bbox 856 337 952 395; x_wconf 82' lang='lat' dir='ltr'><strong>amau</strong></span> <span class='ocrx_word' id='word_1_3' title='bbox 967 341 1015 393; x_wconf 83' lang='grc' dir='ltr'><strong>ιιι.</strong></span> 
     </span>
    </p>
   </div>
   <div class='ocr_carea' id='block_1_2' title="bbox 129 485 1508 1639">
    <p class='ocr_par' dir='ltr' id='par_1_2' title="bbox 373 485 1508 575">
     <span class='ocr_line' id='line_1_2' title="bbox 373 485 1508 575; baseline -0.001 -25"><span class='ocrx_word' id='word_1_4' title='bbox 373 485 605 569; x_wconf 72' lang='lat' dir='ltr'><strong>tospdoerclis,</strong></span> <span class='ocrx_word' id='word_1_5' title='bbox 626 489 661 558; x_wconf 88' lang='lat' dir='ltr'><strong>ut</strong></span> <span class='ocrx_word' id='word_1_6' title='bbox 676 485 867 555; x_wconf 83' lang='lat' dir='ltr'><strong>Rousseavlo</strong></span> <span class='ocrx_word' id='word_1_7' title='bbox 882 489 1015 575; x_wconf 89' lang='lat' dir='ltr'><strong>aliisque</strong></span> <span class='ocrx_word' id='word_1_8' title='bbox 1030 487 1162 571; x_wconf 75' lang='lat' dir='ltr'><strong>placuit,</strong></span> <span class='ocrx_word' id='word_1_9' title='bbox 1175 486 1229 551; x_wconf 89' lang='lat' dir='ltr'><strong>sed</strong></span> <span class='ocrx_word' id='word_1_10' title='bbox 1242 505 1260 547; x_wconf 83' lang='lat' dir='ltr'><strong>u</strong></span> <span class='ocrx_word' id='word_1_11' title='bbox 1274 485 1433 572; x_wconf 88' lang='lat' dir='ltr'><strong>quaedam</strong></span> <span class='ocrx_word' id='word_1_12' title='bbox 1444 501 1508 550; x_wconf 86' lang='lat' dir='ltr'><strong>ra-</strong></span> 
     </span>
    </p>

    <p class='ocr_par' dir='ltr' id='par_1_3' title="bbox 129 576 1508 1639">
     <span class='ocr_line' id='line_1_3' title="bbox 376 576 1507 658; baseline 0.001 -20"><span class='ocrx_word' id='word_1_13' title='bbox 376 576 472 639; x_wconf 80' lang='lat' dir='ltr'><strong>tionis</strong></span> <span class='ocrx_word' id='word_1_14' title='bbox 487 576 646 655; x_wconf 57' lang='lat' dir='ltr'><strong>&amp;dinatio</strong></span> <span class='ocrx_word' id='word_1_15' title='bbox 661 577 833 654; x_wconf 74' lang='lat' dir='ltr'><strong>oddonem</strong></span> <span class='ocrx_word' id='word_1_16' title='bbox 855 595 1032 653; x_wconf 70' lang='lat' dir='ltr'><strong>marcae,</strong></span> <span class='ocrx_word' id='word_1_17' title='bbox 1050 582 1084 642; x_wconf 90' lang='lat' dir='ltr'><strong>et</strong></span> <span class='ocrx_word' id='word_1_18' title='bbox 1098 578 1139 641; x_wconf 85' lang='lat' dir='ltr'><strong>ab</strong></span> <span class='ocrx_word' id='word_1_19' title='bbox 1153 593 1192 642; x_wconf 91' lang='lat' dir='ltr'><strong>eo</strong></span> <span class='ocrx_word' id='word_1_20' title='bbox 1206 577 1260 658; x_wconf 93' lang='lat' dir='ltr'><strong>qui</strong></span> <span class='ocrx_word' id='word_1_21' title='bbox 1277 595 1386 641; x_wconf 87' lang='lat' dir='ltr'><strong>curam</strong></span> <span class='ocrx_word' id='word_1_22' title='bbox 1403 577 1507 640; x_wconf 87' lang='lat' dir='ltr'><strong>habet</strong></span> 
     </span>
     <span class='ocr_line' id='line_1_4' title="bbox 151 665 1507 752; baseline 0.002 -29"><span class='ocrx_word' id='word_1_23' title='bbox 151 666 175 738; x_wconf 76' lang='lat' dir='ltr'><strong>tl</strong></span> <span class='ocrx_word' id='word_1_24' title='bbox 187 665 319 724; x_wconf 60' lang='lat' dir='ltr'><strong>snnom.</strong></span> <span class='ocrx_word' id='word_1_25' title='bbox 330 666 353 733; x_wconf 78' lang='lat' dir='ltr'><strong>l.</strong></span> <span class='ocrx_word' id='word_1_26' title='bbox 374 665 616 731; x_wconf 77' lang='lat' dir='ltr'><strong>communitatis</strong></span> <span class='ocrx_word' id='word_1_27' title='bbox 636 665 836 749; x_wconf 88' lang='lat' dir='ltr'><strong>promulgata</strong></span> <span class='ocrx_word' id='word_1_28' title='bbox 854 666 895 752; x_wconf 86' lang='lat'><strong>1).</strong></span> <span class='ocrx_word' id='word_1_29' title='bbox 917 667 1044 734; x_wconf 78' lang='lat' dir='ltr'><strong>»Unde</strong></span> <span class='ocrx_word' id='word_1_30' title='bbox 1059 667 1215 749; x_wconf 90' lang='lat' dir='ltr'><strong>sequitur:</strong></span> <span class='ocrx_word' id='word_1_31' title='bbox 1231 685 1252 724; x_wconf 80' lang='lat' dir='ltr'><strong>c</strong></span> <span class='ocrx_word' id='word_1_32' title='bbox 1269 666 1427 746; x_wconf 78' lang='lat' dir='ltr'><strong>Alioquin</strong></span> <span class='ocrx_word' id='word_1_33' title='bbox 1449 683 1507 728; x_wconf 84' lang='lat' dir='ltr'><strong>vo-</strong></span> 
     </span>
     <span class='ocr_line' id='line_1_5' title="bbox 129 742 1508 838; baseline 0 -22"><span class='ocrx_word' id='word_1_34' title='bbox 129 744 165 816; x_wconf 76' lang='lat'><strong>¹¹,</strong></span> <span class='ocrx_word' id='word_1_35' title='bbox 177 758 208 815; x_wconf 79' lang='lat' dir='ltr'><strong>l·</strong></span> <span class='ocrx_word' id='word_1_36' title='bbox 221 743 268 817; x_wconf 68' lang='lat'><strong>⁹⁰,</strong></span> <span class='ocrx_word' id='word_1_37' title='bbox 285 759 310 798; x_wconf 73' lang='lat'><strong>³·</strong></span> <span class='ocrx_word' id='word_1_38' title='bbox 324 742 353 798; x_wconf 91' lang='lat'><strong>⁴·</strong></span> <span class='ocrx_word' id='word_1_39' title='bbox 377 753 480 817; x_wconf 86' lang='lat' dir='ltr'><strong>luntas</strong></span> <span class='ocrx_word' id='word_1_40' title='bbox 494 753 651 838; x_wconf 89' lang='lat' dir='ltr'><strong>principis</strong></span> <span class='ocrx_word' id='word_1_41' title='bbox 664 753 891 838; x_wconf 88' lang='lat' dir='ltr'><strong>(quaecumque</strong></span> <span class='ocrx_word' id='word_1_42' title='bbox 906 755 949 821; x_wconf 88' lang='lat' dir='ltr'><strong>sit</strong></span> <span class='ocrx_word' id='word_1_43' title='bbox 964 755 1164 837; x_wconf 77' lang='lat' dir='ltr'><strong>principatus</strong></span> <span class='ocrx_word' id='word_1_44' title='bbox 1175 753 1288 838; x_wconf 84' lang='lat' dir='ltr'><strong>torma)</strong></span> <span class='ocrx_word' id='word_1_45' title='bbox 1300 756 1404 836; x_wconf 86' lang='lat' dir='ltr'><strong>magis</strong></span> <span class='ocrx_word' id='word_1_46' title='bbox 1420 755 1508 817; x_wconf 79' lang='lat' dir='ltr'><strong>esset</strong></span> 
     </span>
     <span class='ocr_line' id='line_1_6' title="bbox 149 841 1504 927; baseline -0.001 -21"><span class='ocrx_word' id='word_1_47' title='bbox 149 847 177 921; x_wconf 77' lang='lat' dir='ltr'><strong>a)</strong></span> <span class='ocrx_word' id='word_1_48' title='bbox 193 849 247 923; x_wconf 79' lang='lat' dir='ltr'><strong>ln,</strong></span> <span class='ocrx_word' id='word_1_49' title='bbox 262 863 288 904; x_wconf 86' lang='lat' dir='ltr'><strong>r.</strong></span> <span class='ocrx_word' id='word_1_50' title='bbox 309 851 333 905; x_wconf 89' lang='lat' dir='ltr'><strong>l.</strong></span> <span class='ocrx_word' id='word_1_51' title='bbox 375 841 530 925; x_wconf 88' lang='lat' dir='ltr'><strong>iniquitas</strong></span> <span class='ocrx_word' id='word_1_52' title='bbox 544 861 639 924; x_wconf 91' lang='lat' dir='ltr'><strong>quem</strong></span> <span class='ocrx_word' id='word_1_53' title='bbox 655 841 706 908; x_wconf 86' lang='lat' dir='ltr'><strong>lex</strong></span> <span class='ocrx_word' id='word_1_54' title='bbox 721 843 764 927; x_wconf 80' lang='lat'><strong>2).</strong></span> <span class='ocrx_word' id='word_1_55' title='bbox 787 852 811 907; x_wconf 79' lang='lat' dir='ltr'><strong>o&#39;</strong></span> <span class='ocrx_word' id='word_1_56' title='bbox 821 844 976 910; x_wconf 87' lang='lat' dir='ltr'><strong>Divinum</strong></span> <span class='ocrx_word' id='word_1_57' title='bbox 999 845 1123 909; x_wconf 89' lang='lat' dir='ltr'><strong>scilicet</strong></span> <span class='ocrx_word' id='word_1_58' title='bbox 1138 844 1302 925; x_wconf 67' lang='lat' dir='ltr'><strong>mequod</strong></span> <span class='ocrx_word' id='word_1_59' title='bbox 1315 842 1504 925; x_wconf 84' lang='lat' dir='ltr'><strong>imperandi</strong></span> 
     </span>
     <span class='ocr_line' id='line_1_7' title="bbox 375 931 1505 1014; baseline -0.001 -17"><span class='ocrx_word' id='word_1_60' title='bbox 375 931 558 997; x_wconf 75' lang='lat' dir='ltr'><strong>lacubatem</strong></span> <span class='ocrx_word' id='word_1_61' title='bbox 575 932 770 1014; x_wconf 84' lang='lat' dir='ltr'><strong>impertitur,</strong></span> <span class='ocrx_word' id='word_1_62' title='bbox 788 933 895 998; x_wconf 88' lang='lat' dir='ltr'><strong>eidem</strong></span> <span class='ocrx_word' id='word_1_63' title='bbox 911 933 1030 998; x_wconf 91' lang='lat' dir='ltr'><strong>limites</strong></span> <span class='ocrx_word' id='word_1_64' title='bbox 1046 934 1129 1014; x_wconf 81' lang='lat' dir='ltr'><strong>tigit,</strong></span> <span class='ocrx_word' id='word_1_65' title='bbox 1147 937 1184 997; x_wconf 91' lang='lat' dir='ltr'><strong>ut</strong></span> <span class='ocrx_word' id='word_1_66' title='bbox 1195 933 1311 998; x_wconf 87' lang='lat' dir='ltr'><strong>trustra</strong></span> <span class='ocrx_word' id='word_1_67' title='bbox 1322 939 1420 997; x_wconf 87' lang='lat' dir='ltr'><strong>extra</strong></span> <span class='ocrx_word' id='word_1_68' title='bbox 1432 931 1505 996; x_wconf 89' lang='lat' dir='ltr'><strong>illos</strong></span> 
     </span>
     <span class='ocr_line' id='line_1_8' title="bbox 374 1020 1506 1104; baseline -0.002 -19"><span class='ocrx_word' id='word_1_69' title='bbox 374 1024 573 1085; x_wconf 86' lang='lat' dir='ltr'><strong>exerceatur:</strong></span> <span class='ocrx_word' id='word_1_70' title='bbox 592 1020 688 1103; x_wconf 93' lang='lat' dir='ltr'><strong>quod,</strong></span> <span class='ocrx_word' id='word_1_71' title='bbox 705 1022 810 1102; x_wconf 91' lang='lat' dir='ltr'><strong>potius</strong></span> <span class='ocrx_word' id='word_1_72' title='bbox 826 1040 920 1104; x_wconf 91' lang='lat' dir='ltr'><strong>quam</strong></span> <span class='ocrx_word' id='word_1_73' title='bbox 936 1022 1103 1086; x_wconf 89' lang='lat' dir='ltr'><strong>hominum</strong></span> <span class='ocrx_word' id='word_1_74' title='bbox 1118 1026 1249 1095; x_wconf 89' lang='lat' dir='ltr'><strong>statuta,</strong></span> <span class='ocrx_word' id='word_1_75' title='bbox 1264 1021 1301 1086; x_wconf 87' lang='lat' dir='ltr'><strong>lit</strong></span> <span class='ocrx_word' id='word_1_76' title='bbox 1316 1023 1350 1085; x_wconf 89' lang='lat' dir='ltr'><strong>in</strong></span> <span class='ocrx_word' id='word_1_77' title='bbox 1369 1022 1506 1085; x_wconf 90' lang='lat' dir='ltr'><strong>liberta-</strong></span> 
     </span>
     <span class='ocr_line' id='line_1_9' title="bbox 376 1108 1506 1192; baseline -0.004 -17"><span class='ocrx_word' id='word_1_78' title='bbox 376 1108 418 1175; x_wconf 89' lang='lat' dir='ltr'><strong>tis</strong></span> <span class='ocrx_word' id='word_1_79' title='bbox 430 1108 560 1174; x_wconf 87' lang='lat' dir='ltr'><strong>tutelam</strong></span> <span class='ocrx_word' id='word_1_80' title='bbox 577 1125 612 1173; x_wconf 90' lang='lat' dir='ltr'><strong>ac</strong></span> <span class='ocrx_word' id='word_1_81' title='bbox 627 1109 832 1192; x_wconf 77' lang='lat' dir='ltr'><strong>praesidium.</strong></span> <span class='ocrx_word' id='word_1_82' title='bbox 850 1110 947 1176; x_wconf 85' lang='lat' dir='ltr'><strong>Varia</strong></span> <span class='ocrx_word' id='word_1_83' title='bbox 963 1115 1071 1175; x_wconf 89' lang='lat' dir='ltr'><strong>autem</strong></span> <span class='ocrx_word' id='word_1_84' title='bbox 1083 1111 1324 1184; x_wconf 87' lang='lat' dir='ltr'><strong>ratione,datos</strong></span> <span class='ocrx_word' id='word_1_85' title='bbox 1335 1110 1399 1174; x_wconf 90' lang='lat' dir='ltr'><strong>sibi</strong></span> <span class='ocrx_word' id='word_1_86' title='bbox 1419 1109 1506 1174; x_wconf 89' lang='lat' dir='ltr'><strong>limi-</strong></span> 
     </span>
     <span class='ocr_line' id='line_1_10' title="bbox 376 1196 1504 1282; baseline -0.002 -20"><span class='ocrx_word' id='word_1_87' title='bbox 376 1203 424 1262; x_wconf 91' lang='lat' dir='ltr'><strong>tes</strong></span> <span class='ocrx_word' id='word_1_88' title='bbox 440 1196 612 1278; x_wconf 88' lang='lat' dir='ltr'><strong>imperium</strong></span> <span class='ocrx_word' id='word_1_89' title='bbox 627 1199 910 1280; x_wconf 78' lang='lat' dir='ltr'><strong>praetergreditur.</strong></span> <span class='ocrx_word' id='word_1_90' title='bbox 925 1199 1013 1264; x_wconf 89' lang='lat' dir='ltr'><strong>1.Eu</strong></span> <span class='ocrx_word' id='word_1_91' title='bbox 1026 1199 1214 1282; x_wconf 85' lang='lat' dir='ltr'><strong>imperando</strong></span> <span class='ocrx_word' id='word_1_92' title='bbox 1225 1217 1305 1280; x_wconf 87' lang='lat' dir='ltr'><strong>quae</strong></span> <span class='ocrx_word' id='word_1_93' title='bbox 1321 1204 1460 1280; x_wconf 80' lang='lat' dir='ltr'><strong>peccent</strong></span> <span class='ocrx_word' id='word_1_94' title='bbox 1470 1199 1504 1260; x_wconf 92' lang='lat' dir='ltr'><strong>in</strong></span> 
     </span>
     <span class='ocr_line' id='line_1_11' title="bbox 377 1285 1506 1371; baseline 0.001 -20"><span class='ocrx_word' id='word_1_95' title='bbox 377 1285 472 1351; x_wconf 86' lang='lat' dir='ltr'><strong>iidem</strong></span> <span class='ocrx_word' id='word_1_96' title='bbox 483 1285 530 1349; x_wconf 84' lang='lat' dir='ltr'><strong>vel</strong></span> <span class='ocrx_word' id='word_1_97' title='bbox 547 1286 580 1350; x_wconf 90' lang='lat' dir='ltr'><strong>iu</strong></span> <span class='ocrx_word' id='word_1_98' title='bbox 597 1303 713 1362; x_wconf 89' lang='lat' dir='ltr'><strong>mores;</strong></span> <span class='ocrx_word' id='word_1_99' title='bbox 728 1288 761 1352; x_wconf 80' lang='lat'><strong>2.</strong></span> <span class='ocrx_word' id='word_1_100' title='bbox 773 1300 901 1371; x_wconf 91' lang='lat' dir='ltr'><strong>eaquae</strong></span> <span class='ocrx_word' id='word_1_101' title='bbox 914 1288 952 1351; x_wconf 91' lang='lat' dir='ltr'><strong>ad</strong></span> <span class='ocrx_word' id='word_1_102' title='bbox 968 1306 1137 1352; x_wconf 88' lang='lat' dir='ltr'><strong>commune</strong></span> <span class='ocrx_word' id='word_1_103' title='bbox 1151 1287 1271 1352; x_wconf 92' lang='lat' dir='ltr'><strong>bonum</strong></span> <span class='ocrx_word' id='word_1_104' title='bbox 1286 1289 1424 1352; x_wconf 89' lang='lat' dir='ltr'><strong>minime</strong></span> <span class='ocrx_word' id='word_1_105' title='bbox 1436 1305 1506 1352; x_wconf 89' lang='lat' dir='ltr'><strong>esse</strong></span> 
     </span>
     <span class='ocr_line' id='line_1_12' title="bbox 377 1372 1502 1458; baseline -0.002 -18"><span class='ocrx_word' id='word_1_106' title='bbox 377 1372 608 1448; x_wconf 54' lang='lat' dir='ltr'><strong>videanturad.</strong></span> <span class='ocrx_word' id='word_1_107' title='bbox 627 1391 663 1438; x_wconf 91' lang='lat' dir='ltr'><strong>ea</strong></span> <span class='ocrx_word' id='word_1_108' title='bbox 680 1391 760 1458; x_wconf 89' lang='lat' dir='ltr'><strong>quae</strong></span> <span class='ocrx_word' id='word_1_109' title='bbox 775 1377 1037 1442; x_wconf 81' lang='lat' dir='ltr'><strong>manifestissime</strong></span> <span class='ocrx_word' id='word_1_110' title='bbox 1048 1382 1226 1458; x_wconf 88' lang='lat' dir='ltr'><strong>repugnent</strong></span> <span class='ocrx_word' id='word_1_111' title='bbox 1236 1376 1320 1440; x_wconf 92' lang='lat' dir='ltr'><strong>bono</strong></span> <span class='ocrx_word' id='word_1_112' title='bbox 1335 1376 1502 1444; x_wconf 90' lang='lat' dir='ltr'><strong>communi</strong></span> 
     </span>
     <span class='ocr_line' id='line_1_13' title="bbox 377 1463 1506 1549; baseline 0.002 -23"><span class='ocrx_word' id='word_1_113' title='bbox 377 1465 426 1528; x_wconf 83' lang='lat' dir='ltr'><strong>rel</strong></span> <span class='ocrx_word' id='word_1_114' title='bbox 439 1463 648 1545; x_wconf 89' lang='lat' dir='ltr'><strong>singulorum.</strong></span> <span class='ocrx_word' id='word_1_115' title='bbox 663 1464 702 1528; x_wconf 87' lang='lat' dir='ltr'><strong>ln</strong></span> <span class='ocrx_word' id='word_1_116' title='bbox 712 1465 816 1546; x_wconf 91' lang='lat' dir='ltr'><strong>primo</strong></span> <span class='ocrx_word' id='word_1_117' title='bbox 829 1482 914 1540; x_wconf 90' lang='lat' dir='ltr'><strong>casu,</strong></span> <span class='ocrx_word' id='word_1_118' title='bbox 926 1467 1003 1530; x_wconf 92' lang='lat' dir='ltr'><strong>illud</strong></span> <span class='ocrx_word' id='word_1_119' title='bbox 1019 1466 1236 1546; x_wconf 89' lang='lat' dir='ltr'><strong>reponendum</strong></span> <span class='ocrx_word' id='word_1_120' title='bbox 1249 1467 1332 1549; x_wconf 93' lang='lat' dir='ltr'><strong>quod</strong></span> <span class='ocrx_word' id='word_1_121' title='bbox 1346 1485 1430 1547; x_wconf 93' lang='lat' dir='ltr'><strong>puer</strong></span> <span class='ocrx_word' id='word_1_122' title='bbox 1436 1468 1506 1532; x_wconf 80' lang='lat' dir='ltr'><strong>nla-</strong></span> 
     </span>
     <span class='ocr_line' id='line_1_14' title="bbox 378 1551 1505 1639; baseline -0.001 -23"><span class='ocrx_word' id='word_1_123' title='bbox 378 1551 544 1628; x_wconf 90' lang='lat' dir='ltr'><strong>chabaeus;</strong></span> <span class='ocrx_word' id='word_1_124' title='bbox 564 1573 581 1613; x_wconf 83' lang='lat' dir='ltr'><strong>u</strong></span> <span class='ocrx_word' id='word_1_125' title='bbox 599 1553 672 1619; x_wconf 89' lang='lat' dir='ltr'><strong>Non</strong></span> <span class='ocrx_word' id='word_1_126' title='bbox 688 1553 816 1629; x_wconf 86' lang='lat' dir='ltr'><strong>laciam;</strong></span> <span class='ocrx_word' id='word_1_127' title='bbox 839 1577 856 1616; x_wconf 89' lang='lat'>»</span> <span class='ocrx_word' id='word_1_128' title='bbox 878 1554 926 1635; x_wconf 84' lang='lat' dir='ltr'><strong>vel</strong></span> <span class='ocrx_word' id='word_1_129' title='bbox 942 1554 1025 1639; x_wconf 95' lang='lat' dir='ltr'><strong>quod</strong></span> <span class='ocrx_word' id='word_1_130' title='bbox 1049 1555 1116 1618; x_wconf 91' lang='lat' dir='ltr'><strong>eius</strong></span> <span class='ocrx_word' id='word_1_131' title='bbox 1133 1554 1242 1618; x_wconf 81' lang='lat' dir='ltr'><strong>trater:</strong></span> <span class='ocrx_word' id='word_1_132' title='bbox 1257 1575 1280 1613; x_wconf 79' lang='lat' dir='ltr'><strong>-u</strong></span> <span class='ocrx_word' id='word_1_133' title='bbox 1297 1555 1370 1620; x_wconf 84' lang='lat' dir='ltr'><strong>Non</strong></span> <span class='ocrx_word' id='word_1_134' title='bbox 1389 1554 1505 1618; x_wconf 91' lang='lat' dir='ltr'><strong>obedio</strong></span> 
     </span>
    </p>
   </div>
   <div class='ocr_carea' id='block_1_3' title="bbox 146 1615 1506 1728">
    <p class='ocr_par' dir='ltr' id='par_1_4' title="bbox 146 1615 1506 1728">
     <span class='ocr_line' id='line_1_15' title="bbox 146 1615 1506 1728; baseline 0.014 -41"><span class='ocrx_word' id='word_1_135' title='bbox 146 1620 172 1688; x_wconf 81' lang='lat' dir='ltr'><strong>³t</strong></span> <span class='ocrx_word' id='word_1_136' title='bbox 184 1615 357 1676; x_wconf 52' lang='lat' dir='ltr'><strong>”Mam</strong></span> <span class='ocrx_word' id='word_1_137' title='bbox 379 1646 547 1724; x_wconf 88' lang='lat' dir='ltr'><strong>praecepto</strong></span> <span class='ocrx_word' id='word_1_138' title='bbox 563 1641 659 1724; x_wconf 87' lang='lat' dir='ltr'><strong>regis,</strong></span> <span class='ocrx_word' id='word_1_139' title='bbox 678 1642 732 1706; x_wconf 92' lang='lat' dir='ltr'><strong>sed</strong></span> <span class='ocrx_word' id='word_1_140' title='bbox 748 1649 919 1726; x_wconf 88' lang='lat' dir='ltr'><strong>praecepto</strong></span> <span class='ocrx_word' id='word_1_141' title='bbox 944 1643 1022 1725; x_wconf 90' lang='lat' dir='ltr'><strong>legis</strong></span> <span class='ocrx_word' id='word_1_142' title='bbox 1038 1641 1194 1728; x_wconf 84' lang='lat' dir='ltr'><strong>(Divinae)</strong></span> <span class='ocrx_word' id='word_1_143' title='bbox 1210 1640 1253 1725; x_wconf 88' lang='grc'><strong>3).</strong></span> <span class='ocrx_word' id='word_1_144' title='bbox 1275 1666 1292 1704; x_wconf 85' lang='grc'>»</span> <span class='ocrx_word' id='word_1_145' title='bbox 1305 1644 1457 1708; x_wconf 89' lang='lat' dir='ltr'><strong>Humana</strong></span> <span class='ocrx_word' id='word_1_146' title='bbox 1474 1661 1506 1706; x_wconf 91' lang='lat' dir='ltr'><strong>e-</strong></span> 
     </span>
    </p>
   </div>
   <div class='ocr_carea' id='block_1_4' title="bbox 130 1696 1505 1838">
    <p class='ocr_par' dir='ltr' id='par_1_5' title="bbox 130 1696 1505 1838">
     <span class='ocr_line' id='line_1_16' title="bbox 130 1696 1505 1838; baseline 0.012 -53"><span class='ocrx_word' id='word_1_147' title='bbox 130 1696 316 1837; x_wconf 51' lang='grc' dir='ltr'>Ἥγξὰθᾝ</span> <span class='ocrx_word' id='word_1_148' title='bbox 334 1767 357 1838; x_wconf 42' lang='grc' dir='ltr'><strong>Ι,</strong></span> <span class='ocrx_word' id='word_1_149' title='bbox 379 1731 481 1798; x_wconf 87' lang='lat' dir='ltr'><strong>tenim.</strong></span> <span class='ocrx_word' id='word_1_150' title='bbox 494 1747 574 1812; x_wconf 85' lang='lat' dir='ltr'><strong>quae</strong></span> <span class='ocrx_word' id='word_1_151' title='bbox 589 1731 763 1814; x_wconf 90' lang='lat' dir='ltr'><strong>opponitur</strong></span> <span class='ocrx_word' id='word_1_152' title='bbox 777 1732 904 1796; x_wconf 86' lang='lat' dir='ltr'><strong>divinae</strong></span> <span class='ocrx_word' id='word_1_153' title='bbox 917 1750 981 1797; x_wconf 91' lang='lat' dir='ltr'><strong>non</strong></span> <span class='ocrx_word' id='word_1_154' title='bbox 997 1738 1045 1797; x_wconf 90' lang='lat' dir='ltr'><strong>est</strong></span> <span class='ocrx_word' id='word_1_155' title='bbox 1061 1733 1122 1802; x_wconf 85' lang='lat' dir='ltr'><strong>lex.</strong></span> <span class='ocrx_word' id='word_1_156' title='bbox 1137 1732 1190 1799; x_wconf 92' lang='lat' dir='ltr'><strong>sed</strong></span> <span class='ocrx_word' id='word_1_157' title='bbox 1203 1730 1505 1815; x_wconf 61' lang='lat' dir='ltr'><strong>iniquitantium</strong></span> 
     </span>
    </p>
   </div>
   <div class='ocr_carea' id='block_1_5' title="bbox 131 1820 1539 4660">
    <p class='ocr_par' dir='ltr' id='par_1_6' title="bbox 131 1820 1539 3155">
     <span class='ocr_line' id='line_1_17' title="bbox 131 1820 1507 1918; baseline -0.002 -33"><span class='ocrx_word' id='word_1_158' title='bbox 131 1846 174 1901; x_wconf 83' lang='lat' dir='ltr'><strong>nt.</strong></span> <span class='ocrx_word' id='word_1_159' title='bbox 190 1846 221 1918; x_wconf 53' lang='lat' dir='ltr'><strong>v,</strong></span> <span class='ocrx_word' id='word_1_160' title='bbox 238 1850 264 1908; x_wconf 71' lang='grc' dir='ltr'><strong>ς,</strong></span> <span class='ocrx_word' id='word_1_161' title='bbox 281 1844 324 1900; x_wconf 86' lang='lat' dir='ltr'><strong>lv.</strong></span> <span class='ocrx_word' id='word_1_162' title='bbox 351 1843 352 1848; x_wconf 45' lang='lat'>¹</span> <span class='ocrx_word' id='word_1_163' title='bbox 378 1821 559 1885; x_wconf 86' lang='lat' dir='ltr'><strong>resistentia</strong></span> <span class='ocrx_word' id='word_1_164' title='bbox 572 1821 695 1902; x_wconf 84' lang='lat' dir='ltr'><strong>passiva</strong></span> <span class='ocrx_word' id='word_1_165' title='bbox 707 1827 766 1895; x_wconf 88' lang='lat' dir='ltr'><strong>est,</strong></span> <span class='ocrx_word' id='word_1_166' title='bbox 781 1837 861 1906; x_wconf 88' lang='lat' dir='ltr'><strong>quae</strong></span> <span class='ocrx_word' id='word_1_167' title='bbox 878 1821 1067 1887; x_wconf 80' lang='lat' dir='ltr'><strong>violentiam.</strong></span> <span class='ocrx_word' id='word_1_168' title='bbox 1075 1820 1196 1903; x_wconf 89' lang='lat' dir='ltr'><strong>patitur</strong></span> <span class='ocrx_word' id='word_1_169' title='bbox 1208 1839 1271 1884; x_wconf 91' lang='lat' dir='ltr'><strong>non</strong></span> <span class='ocrx_word' id='word_1_170' title='bbox 1285 1821 1396 1885; x_wconf 80' lang='lat' dir='ltr'><strong>infert.</strong></span> <span class='ocrx_word' id='word_1_171' title='bbox 1410 1821 1449 1885; x_wconf 90' lang='lat' dir='ltr'><strong>ln</strong></span> <span class='ocrx_word' id='word_1_172' title='bbox 1462 1821 1507 1883; x_wconf 88' lang='lat' dir='ltr'><strong>al·</strong></span> 
     </span>
     <span class='ocr_line' id='line_1_18' title="bbox 378 1907 1506 1992; baseline -0.002 -18"><span class='ocrx_word' id='word_1_173' title='bbox 378 1914 448 1974; x_wconf 90' lang='lat' dir='ltr'><strong>tero</strong></span> <span class='ocrx_word' id='word_1_174' title='bbox 461 1926 547 1987; x_wconf 90' lang='lat' dir='ltr'><strong>casu,</strong></span> <span class='ocrx_word' id='word_1_175' title='bbox 564 1907 724 1992; x_wconf 90' lang='lat' dir='ltr'><strong>implenda</strong></span> <span class='ocrx_word' id='word_1_176' title='bbox 739 1913 787 1984; x_wconf 88' lang='lat' dir='ltr'><strong>est</strong></span> <span class='ocrx_word' id='word_1_177' title='bbox 805 1910 855 1974; x_wconf 91' lang='lat' dir='ltr'><strong>lex</strong></span> <span class='ocrx_word' id='word_1_178' title='bbox 869 1928 949 1992; x_wconf 91' lang='lat' dir='ltr'><strong>quae</strong></span> <span class='ocrx_word' id='word_1_179' title='bbox 965 1911 1045 1975; x_wconf 89' lang='lat' dir='ltr'><strong>nihil</strong></span> <span class='ocrx_word' id='word_1_180' title='bbox 1061 1911 1168 1974; x_wconf 87' lang='lat' dir='ltr'><strong>iubeat</strong></span> <span class='ocrx_word' id='word_1_181' title='bbox 1184 1909 1216 1973; x_wconf 89' lang='lat' dir='ltr'><strong>in</strong></span> <span class='ocrx_word' id='word_1_182' title='bbox 1231 1909 1279 1972; x_wconf 92' lang='lat' dir='ltr'><strong>ius</strong></span> <span class='ocrx_word' id='word_1_183' title='bbox 1295 1911 1444 1974; x_wconf 80' lang='lat' dir='ltr'><strong>namrale</strong></span> <span class='ocrx_word' id='word_1_184' title='bbox 1461 1910 1506 1973; x_wconf 87' lang='lat' dir='ltr'><strong>vel</strong></span> 
     </span>
     <span class='ocr_line' id='line_1_19' title="bbox 377 1997 1507 2082; baseline -0.001 -21"><span class='ocrx_word' id='word_1_185' title='bbox 377 1998 534 2072; x_wconf 85' lang='lat' dir='ltr'><strong>divinum,</strong></span> <span class='ocrx_word' id='word_1_186' title='bbox 549 2000 582 2060; x_wconf 89' lang='lat' dir='ltr'><strong>et</strong></span> <span class='ocrx_word' id='word_1_187' title='bbox 593 2000 753 2081; x_wconf 83' lang='lat' dir='ltr'><strong>ceteroqui</strong></span> <span class='ocrx_word' id='word_1_188' title='bbox 764 2016 826 2062; x_wconf 90' lang='lat' dir='ltr'><strong>nou</strong></span> <span class='ocrx_word' id='word_1_189' title='bbox 838 2004 926 2064; x_wconf 88' lang='lat' dir='ltr'><strong>certa</strong></span> <span class='ocrx_word' id='word_1_190' title='bbox 938 1999 980 2064; x_wconf 89' lang='lat' dir='ltr'><strong>sit</strong></span> <span class='ocrx_word' id='word_1_191' title='bbox 991 2000 1059 2064; x_wconf 92' lang='lat' dir='ltr'><strong>eius</strong></span> <span class='ocrx_word' id='word_1_192' title='bbox 1070 1997 1244 2068; x_wconf 83' lang='lat' dir='ltr'><strong>iniustitia.</strong></span> <span class='ocrx_word' id='word_1_193' title='bbox 1253 2016 1349 2082; x_wconf 91' lang='lat' dir='ltr'><strong>quum</strong></span> <span class='ocrx_word' id='word_1_194' title='bbox 1362 2015 1424 2062; x_wconf 90' lang='lat' dir='ltr'><strong>nec</strong></span> <span class='ocrx_word' id='word_1_195' title='bbox 1436 2000 1507 2080; x_wconf 92' lang='lat' dir='ltr'><strong>qui-</strong></span> 
     </span>
     <span class='ocr_line' id='line_1_20' title="bbox 379 2086 1507 2171; baseline 0.001 -22"><span class='ocrx_word' id='word_1_196' title='bbox 379 2086 457 2150; x_wconf 89' lang='lat' dir='ltr'><strong>libet</strong></span> <span class='ocrx_word' id='word_1_197' title='bbox 470 2086 612 2169; x_wconf 88' lang='lat' dir='ltr'><strong>privatus</strong></span> <span class='ocrx_word' id='word_1_198' title='bbox 626 2086 781 2151; x_wconf 89' lang='lat' dir='ltr'><strong>iudicium</strong></span> <span class='ocrx_word' id='word_1_199' title='bbox 797 2086 882 2152; x_wconf 81' lang='lat' dir='ltr'><strong>terre</strong></span> <span class='ocrx_word' id='word_1_200' title='bbox 898 2089 997 2171; x_wconf 89' lang='lat' dir='ltr'><strong>possit</strong></span> <span class='ocrx_word' id='word_1_201' title='bbox 1011 2089 1050 2152; x_wconf 92' lang='lat' dir='ltr'><strong>de</strong></span> <span class='ocrx_word' id='word_1_202' title='bbox 1063 2088 1143 2168; x_wconf 90' lang='lat' dir='ltr'><strong>lege,</strong></span> <span class='ocrx_word' id='word_1_203' title='bbox 1157 2087 1226 2150; x_wconf 92' lang='lat' dir='ltr'><strong>sine</strong></span> <span class='ocrx_word' id='word_1_204' title='bbox 1239 2087 1362 2150; x_wconf 87' lang='lat' dir='ltr'><strong>ordinis</strong></span> <span class='ocrx_word' id='word_1_205' title='bbox 1378 2092 1507 2170; x_wconf 87' lang='lat' dir='ltr'><strong>pertur-</strong></span> 
     </span>
     <span class='ocr_line' id='line_1_21' title="bbox 264 2174 1507 2260; baseline 0.006 -28"><span class='ocrx_word' id='word_1_206' title='bbox 264 2225 266 2232; x_wconf 51' lang='lat'><strong>.</strong></span> <span class='ocrx_word' id='word_1_207' title='bbox 378 2174 521 2252; x_wconf 89' lang='lat' dir='ltr'><strong>batione,</strong></span> <span class='ocrx_word' id='word_1_208' title='bbox 536 2191 593 2238; x_wconf 91' lang='lat' dir='ltr'><strong>uec</strong></span> <span class='ocrx_word' id='word_1_209' title='bbox 609 2174 743 2239; x_wconf 87' lang='lat' dir='ltr'><strong>subditis</strong></span> <span class='ocrx_word' id='word_1_210' title='bbox 755 2181 886 2257; x_wconf 87' lang='lat' dir='ltr'><strong>pateant</strong></span> <span class='ocrx_word' id='word_1_211' title='bbox 898 2195 1010 2242; x_wconf 88' lang='lat' dir='ltr'><strong>causae</strong></span> <span class='ocrx_word' id='word_1_212' title='bbox 1023 2177 1070 2240; x_wconf 83' lang='lat' dir='ltr'><strong>vel</strong></span> <span class='ocrx_word' id='word_1_213' title='bbox 1084 2176 1297 2255; x_wconf 87' lang='lat' dir='ltr'><strong>necessitates,</strong></span> <span class='ocrx_word' id='word_1_214' title='bbox 1309 2176 1427 2260; x_wconf 92' lang='lat' dir='ltr'><strong>quibus</strong></span> <span class='ocrx_word' id='word_1_215' title='bbox 1438 2195 1507 2240; x_wconf 89' lang='lat' dir='ltr'><strong>mo-</strong></span> 
     </span>
     <span class='ocr_line' id='line_1_22' title="bbox 380 2263 1509 2348; baseline 0.002 -21"><span class='ocrx_word' id='word_1_216' title='bbox 380 2267 494 2327; x_wconf 87' lang='lat' dir='ltr'><strong>ventur</strong></span> <span class='ocrx_word' id='word_1_217' title='bbox 509 2263 716 2344; x_wconf 87' lang='lat' dir='ltr'><strong>imperantes.</strong></span> <span class='ocrx_word' id='word_1_218' title='bbox 734 2265 771 2329; x_wconf 95' lang='lat' dir='ltr'><strong>ln</strong></span> <span class='ocrx_word' id='word_1_219' title='bbox 788 2265 885 2330; x_wconf 90' lang='lat' dir='ltr'><strong>tertia</strong></span> <span class='ocrx_word' id='word_1_220' title='bbox 898 2267 1013 2348; x_wconf 89' lang='lat' dir='ltr'><strong>specie,</strong></span> <span class='ocrx_word' id='word_1_221' title='bbox 1032 2265 1087 2329; x_wconf 92' lang='lat' dir='ltr'><strong>illa</strong></span> <span class='ocrx_word' id='word_1_222' title='bbox 1098 2269 1250 2348; x_wconf 89' lang='lat' dir='ltr'><strong>superest,</strong></span> <span class='ocrx_word' id='word_1_223' title='bbox 1262 2281 1343 2346; x_wconf 89' lang='lat' dir='ltr'><strong>quae</strong></span> <span class='ocrx_word' id='word_1_224' title='bbox 1356 2284 1422 2329; x_wconf 91' lang='lat' dir='ltr'><strong>non</strong></span> <span class='ocrx_word' id='word_1_225' title='bbox 1435 2284 1509 2329; x_wconf 86' lang='lat' dir='ltr'><strong>vere</strong></span> 
     </span>
     <span class='ocr_line' id='line_1_23' title="bbox 381 2351 1510 2436; baseline 0.002 -20"><span class='ocrx_word' id='word_1_226' title='bbox 381 2351 561 2416; x_wconf 87' lang='lat' dir='ltr'><strong>resistentia</strong></span> <span class='ocrx_word' id='word_1_227' title='bbox 576 2358 637 2425; x_wconf 90' lang='lat' dir='ltr'><strong>est,</strong></span> <span class='ocrx_word' id='word_1_228' title='bbox 655 2354 710 2416; x_wconf 91' lang='lat' dir='ltr'><strong>sed</strong></span> <span class='ocrx_word' id='word_1_229' title='bbox 726 2371 881 2430; x_wconf 71' lang='lat' dir='ltr'><strong>recursus</strong></span> <span class='ocrx_word' id='word_1_230' title='bbox 897 2356 1013 2436; x_wconf 86' lang='lat' dir='ltr'><strong>petitio</strong></span> <span class='ocrx_word' id='word_1_231' title='bbox 1025 2353 1074 2419; x_wconf 90' lang='lat' dir='ltr'><strong>vel</strong></span> <span class='ocrx_word' id='word_1_232' title='bbox 1086 2353 1300 2434; x_wconf 86' lang='lat' dir='ltr'><strong>expostulatio</strong></span> <span class='ocrx_word' id='word_1_233' title='bbox 1312 2354 1350 2417; x_wconf 94' lang='lat' dir='ltr'><strong>ad</strong></span> <span class='ocrx_word' id='word_1_234' title='bbox 1368 2355 1510 2436; x_wconf 88' lang='lat' dir='ltr'><strong>impera·</strong></span> 
     </span>
     <span class='ocr_line' id='line_1_24' title="bbox 380 2441 1509 2523; baseline 0.001 -17"><span class='ocrx_word' id='word_1_235' title='bbox 380 2447 499 2506; x_wconf 87' lang='lat' dir='ltr'><strong>torem.</strong></span> <span class='ocrx_word' id='word_1_236' title='bbox 516 2441 601 2505; x_wconf 90' lang='lat' dir='ltr'><strong>Haec</strong></span> <span class='ocrx_word' id='word_1_237' title='bbox 618 2441 667 2504; x_wconf 89' lang='lat' dir='ltr'><strong>via</strong></span> <span class='ocrx_word' id='word_1_238' title='bbox 684 2441 793 2523; x_wconf 90' lang='lat' dir='ltr'><strong>legalis</strong></span> <span class='ocrx_word' id='word_1_239' title='bbox 810 2449 843 2508; x_wconf 88' lang='lat' dir='ltr'><strong>et</strong></span> <span class='ocrx_word' id='word_1_240' title='bbox 858 2443 952 2508; x_wconf 90' lang='lat' dir='ltr'><strong>iusta:</strong></span> <span class='ocrx_word' id='word_1_241' title='bbox 968 2445 1007 2508; x_wconf 90' lang='lat' dir='ltr'><strong>ad</strong></span> <span class='ocrx_word' id='word_1_242' title='bbox 1019 2443 1175 2507; x_wconf 89' lang='lat' dir='ltr'><strong>iustitiam</strong></span> <span class='ocrx_word' id='word_1_243' title='bbox 1187 2449 1293 2506; x_wconf 88' lang='lat' dir='ltr'><strong>autem</strong></span> <span class='ocrx_word' id='word_1_244' title='bbox 1309 2446 1421 2506; x_wconf 89' lang='lat' dir='ltr'><strong>omnia</strong></span> <span class='ocrx_word' id='word_1_245' title='bbox 1434 2450 1509 2508; x_wconf 91' lang='lat' dir='ltr'><strong>sunt</strong></span> 
     </span>
     <span class='ocr_line' id='line_1_25' title="bbox 382 2529 1508 2613; baseline 0.003 -20"><span class='ocrx_word' id='word_1_246' title='bbox 382 2530 558 2612; x_wconf 88' lang='lat' dir='ltr'><strong>peragenda</strong></span> <span class='ocrx_word' id='word_1_247' title='bbox 575 2529 608 2593; x_wconf 92' lang='lat' dir='ltr'><strong>in</strong></span> <span class='ocrx_word' id='word_1_248' title='bbox 621 2529 762 2596; x_wconf 88' lang='lat' dir='ltr'><strong>civitate:</strong></span> <span class='ocrx_word' id='word_1_249' title='bbox 777 2531 836 2596; x_wconf 88' lang='lat' dir='ltr'><strong>bac</strong></span> <span class='ocrx_word' id='word_1_250' title='bbox 849 2533 967 2598; x_wconf 89' lang='lat' dir='ltr'><strong>nostris</strong></span> <span class='ocrx_word' id='word_1_251' title='bbox 980 2532 1175 2613; x_wconf 86' lang='lat' dir='ltr'><strong>temporibus</strong></span> <span class='ocrx_word' id='word_1_252' title='bbox 1187 2548 1259 2594; x_wconf 89' lang='lat' dir='ltr'><strong>usus</strong></span> <span class='ocrx_word' id='word_1_253' title='bbox 1270 2535 1318 2594; x_wconf 92' lang='lat' dir='ltr'><strong>est</strong></span> <span class='ocrx_word' id='word_1_254' title='bbox 1330 2531 1508 2605; x_wconf 79' lang='lat' dir='ltr'><strong>O‘Counel,</strong></span> 
     </span>
     <span class='ocr_line' id='line_1_26' title="bbox 381 2619 1507 2700; baseline 0.002 -17"><span class='ocrx_word' id='word_1_255' title='bbox 381 2619 553 2683; x_wconf 89' lang='lat' dir='ltr'><strong>Hiberniae</strong></span> <span class='ocrx_word' id='word_1_256' title='bbox 567 2625 669 2700; x_wconf 88' lang='lat' dir='ltr'><strong>pater,</strong></span> <span class='ocrx_word' id='word_1_257' title='bbox 680 2627 716 2684; x_wconf 86' lang='lat' dir='ltr'><strong>ut</strong></span> <span class='ocrx_word' id='word_1_258' title='bbox 728 2621 777 2684; x_wconf 90' lang='lat' dir='ltr'><strong>ius</strong></span> <span class='ocrx_word' id='word_1_259' title='bbox 789 2621 880 2685; x_wconf 89' lang='lat' dir='ltr'><strong>lieret</strong></span> <span class='ocrx_word' id='word_1_260' title='bbox 892 2619 1064 2687; x_wconf 85' lang='lat' dir='ltr'><strong>Catholicis</strong></span> <span class='ocrx_word' id='word_1_261' title='bbox 1077 2620 1109 2683; x_wconf 91' lang='lat' dir='ltr'><strong>in</strong></span> <span class='ocrx_word' id='word_1_262' title='bbox 1119 2619 1259 2684; x_wconf 85' lang='lat' dir='ltr'><strong>comitiis</strong></span> <span class='ocrx_word' id='word_1_263' title='bbox 1276 2620 1507 2686; x_wconf 88' lang='lat' dir='ltr'><strong>nationalibus.</strong></span> 
     </span>
     <span class='ocr_line' id='line_1_27' title="bbox 382 2707 1510 2790; baseline 0.004 -20"><span class='ocrx_word' id='word_1_264' title='bbox 382 2707 466 2788; x_wconf 87' lang='lat' dir='ltr'><strong>Quid</strong></span> <span class='ocrx_word' id='word_1_265' title='bbox 477 2709 504 2771; x_wconf 93' lang='lat' dir='ltr'><strong>si</strong></span> <span class='ocrx_word' id='word_1_266' title='bbox 516 2726 579 2771; x_wconf 91' lang='lat' dir='ltr'><strong>non</strong></span> <span class='ocrx_word' id='word_1_267' title='bbox 588 2707 940 2790; x_wconf 67' lang='lat' dir='ltr'><strong>audiaturl&#39;Calamitati</strong></span> <span class='ocrx_word' id='word_1_268' title='bbox 952 2707 1312 2790; x_wconf 89' lang='lat' dir='ltr'><strong>accensendum,qnibns</strong></span> <span class='ocrx_word' id='word_1_269' title='bbox 1325 2708 1360 2772; x_wconf 92' lang='lat' dir='ltr'><strong>in</strong></span> <span class='ocrx_word' id='word_1_270' title='bbox 1369 2709 1430 2778; x_wconf 86' lang='lat' dir='ltr'><strong>hac</strong></span> <span class='ocrx_word' id='word_1_271' title='bbox 1442 2711 1510 2775; x_wconf 88' lang='lat' dir='ltr'><strong>vita</strong></span> 
     </span>
     <span class='ocr_line' id='line_1_28' title="bbox 383 2795 1511 2880; baseline 0.001 -19"><span class='ocrx_word' id='word_1_272' title='bbox 383 2798 535 2862; x_wconf 87' lang='lat' dir='ltr'><strong>continuo</strong></span> <span class='ocrx_word' id='word_1_273' title='bbox 551 2801 707 2879; x_wconf 87' lang='lat' dir='ltr'><strong>patemus,</strong></span> <span class='ocrx_word' id='word_1_274' title='bbox 725 2800 780 2862; x_wconf 93' lang='lat' dir='ltr'><strong>sed</strong></span> <span class='ocrx_word' id='word_1_275' title='bbox 796 2799 847 2862; x_wconf 89' lang='lat' dir='ltr'><strong>lex</strong></span> <span class='ocrx_word' id='word_1_276' title='bbox 862 2800 1026 2864; x_wconf 86' lang='lat' dir='ltr'><strong>servanda:</strong></span> <span class='ocrx_word' id='word_1_277' title='bbox 1044 2815 1108 2863; x_wconf 89' lang='lat' dir='ltr'><strong>non</strong></span> <span class='ocrx_word' id='word_1_278' title='bbox 1123 2803 1251 2880; x_wconf 86' lang='lat' dir='ltr'><strong>propter</strong></span> <span class='ocrx_word' id='word_1_279' title='bbox 1266 2795 1417 2878; x_wconf 88' lang='lat' dir='ltr'><strong>seipsam,</strong></span> <span class='ocrx_word' id='word_1_280' title='bbox 1434 2816 1511 2862; x_wconf 90' lang='lat' dir='ltr'><strong>cum</strong></span> 
     </span>
     <span class='ocr_line' id='line_1_29' title="bbox 384 2885 1510 2968; baseline 0.002 -20"><span class='ocrx_word' id='word_1_281' title='bbox 384 2886 500 2949; x_wconf 86' lang='lat' dir='ltr'><strong>nullius</strong></span> <span class='ocrx_word' id='word_1_282' title='bbox 515 2885 557 2949; x_wconf 92' lang='lat' dir='ltr'><strong>sit</strong></span> <span class='ocrx_word' id='word_1_283' title='bbox 573 2885 710 2961; x_wconf 83' lang='lat' dir='ltr'><strong>roboris,</strong></span> <span class='ocrx_word' id='word_1_284' title='bbox 725 2888 808 2953; x_wconf 91' lang='lat' dir='ltr'><strong>sieut</strong></span> <span class='ocrx_word' id='word_1_285' title='bbox 822 2888 938 2952; x_wconf 90' lang='lat' dir='ltr'><strong>iudicis</strong></span> <span class='ocrx_word' id='word_1_286' title='bbox 952 2887 1111 2952; x_wconf 89' lang='lat' dir='ltr'><strong>sententia</strong></span> <span class='ocrx_word' id='word_1_287' title='bbox 1126 2905 1206 2968; x_wconf 90' lang='lat' dir='ltr'><strong>quae</strong></span> <span class='ocrx_word' id='word_1_288' title='bbox 1222 2885 1309 2949; x_wconf 81' lang='lat' dir='ltr'><strong>falsis</strong></span> <span class='ocrx_word' id='word_1_289' title='bbox 1327 2887 1510 2951; x_wconf 89' lang='lat' dir='ltr'><strong>rationibus</strong></span> 
     </span>
     <span class='ocr_line' id='line_1_30' title="bbox 382 2974 1511 3060; baseline 0 -22"><span class='ocrx_word' id='word_1_290' title='bbox 382 2975 546 3048; x_wconf 71' lang='lat' dir='ltr'><strong>innititur:</strong></span> <span class='ocrx_word' id='word_1_291' title='bbox 564 2974 618 3038; x_wconf 91' lang='lat' dir='ltr'><strong>sed</strong></span> <span class='ocrx_word' id='word_1_292' title='bbox 630 2982 760 3058; x_wconf 90' lang='lat' dir='ltr'><strong>propter</strong></span> <span class='ocrx_word' id='word_1_293' title='bbox 770 2975 932 3060; x_wconf 89' lang='lat' dir='ltr'><strong>publicum</strong></span> <span class='ocrx_word' id='word_1_294' title='bbox 945 2979 1064 3043; x_wconf 91' lang='lat' dir='ltr'><strong>bonum</strong></span> <span class='ocrx_word' id='word_1_295' title='bbox 1077 2981 1172 3058; x_wconf 89' lang='lat' dir='ltr'><strong>atque</strong></span> <span class='ocrx_word' id='word_1_296' title='bbox 1188 2976 1346 3049; x_wconf 92' lang='lat' dir='ltr'><strong>ordinem,</strong></span> <span class='ocrx_word' id='word_1_297' title='bbox 1357 2992 1375 3038; x_wconf 92' lang='lat' dir='ltr'><strong>a</strong></span> <span class='ocrx_word' id='word_1_298' title='bbox 1388 2995 1453 3057; x_wconf 93' lang='lat' dir='ltr'><strong>quo</strong></span> <span class='ocrx_word' id='word_1_299' title='bbox 1464 2977 1511 3040; x_wconf 90' lang='lat' dir='ltr'><strong>si-</strong></span> 
     </span>
     <span class='ocr_line' id='line_1_31' title="bbox 381 3064 1539 3155; baseline -0.001 -26"><span class='ocrx_word' id='word_1_300' title='bbox 381 3070 435 3140; x_wconf 87' lang='lat' dir='ltr'><strong>cut</strong></span> <span class='ocrx_word' id='word_1_301' title='bbox 451 3064 604 3146; x_wconf 86' lang='lat' dir='ltr'><strong>plurimas</strong></span> <span class='ocrx_word' id='word_1_302' title='bbox 620 3065 796 3146; x_wconf 88' lang='lat' dir='ltr'><strong>excipimus</strong></span> <span class='ocrx_word' id='word_1_303' title='bbox 811 3065 980 3140; x_wconf 86' lang='lat' dir='ltr'><strong>utilitates,</strong></span> <span class='ocrx_word' id='word_1_304' title='bbox 991 3066 1037 3130; x_wconf 91' lang='lat' dir='ltr'><strong>sic</strong></span> <span class='ocrx_word' id='word_1_305' title='bbox 1049 3070 1081 3131; x_wconf 92' lang='lat' dir='ltr'><strong>et</strong></span> <span class='ocrx_word' id='word_1_306' title='bbox 1097 3064 1302 3130; x_wconf 89' lang='lat' dir='ltr'><strong>accidentalia</strong></span> <span class='ocrx_word' id='word_1_307' title='bbox 1319 3066 1511 3148; x_wconf 87' lang='lat' dir='ltr'><strong>quaudoque</strong></span> <span class='ocrx_word' id='word_1_308' title='bbox 1530 3129 1539 3155; x_wconf 57' lang='grc'>,</span> 
     </span>
    </p>

    <p class='ocr_par' dir='ltr' id='par_1_7' title="bbox 382 3153 743 3224">
     <span class='ocr_line' id='line_1_32' title="bbox 382 3153 743 3224; baseline 0.008 -8"><span class='ocrx_word' id='word_1_309' title='bbox 382 3153 464 3217; x_wconf 91' lang='lat' dir='ltr'><strong>mala</strong></span> <span class='ocrx_word' id='word_1_310' title='bbox 481 3157 553 3218; x_wconf 91' lang='lat' dir='ltr'><strong>sunt</strong></span> <span class='ocrx_word' id='word_1_311' title='bbox 569 3153 743 3224; x_wconf 83' lang='lat' dir='ltr'><strong>toleranda.</strong></span> 
     </span>
    </p>

    <p class='ocr_par' dir='ltr' id='par_1_8' title="bbox 381 3235 1510 4128">
     <span class='ocr_line' id='line_1_33' title="bbox 471 3235 1509 3326; baseline 0 -19"><span class='ocrx_word' id='word_1_312' title='bbox 471 3235 531 3307; x_wconf 87' lang='lat' dir='ltr'><strong>lu.</strong></span> <span class='ocrx_word' id='word_1_313' title='bbox 549 3242 609 3307; x_wconf 88' lang='lat' dir='ltr'><strong>Hic</strong></span> <span class='ocrx_word' id='word_1_314' title='bbox 625 3242 720 3316; x_wconf 87' lang='lat' dir='ltr'><strong>nibil,</strong></span> <span class='ocrx_word' id='word_1_315' title='bbox 739 3263 800 3326; x_wconf 93' lang='lat' dir='ltr'><strong>quo</strong></span> <span class='ocrx_word' id='word_1_316' title='bbox 814 3243 1084 3310; x_wconf 82' lang='lat' dir='ltr'><strong>insurrectionem</strong></span> <span class='ocrx_word' id='word_1_317' title='bbox 1100 3259 1191 3308; x_wconf 89' lang='lat' dir='ltr'><strong>causa</strong></span> <span class='ocrx_word' id='word_1_318' title='bbox 1206 3243 1509 3324; x_wconf 87' lang='lat' dir='ltr'><strong>promoveatur;sed</strong></span> 
     </span>
     <span class='ocr_line' id='line_1_34' title="bbox 381 3330 1510 3414; baseline 0.004 -20"><span class='ocrx_word' id='word_1_319' title='bbox 381 3336 416 3394; x_wconf 92' lang='lat' dir='ltr'><strong>ut</strong></span> <span class='ocrx_word' id='word_1_320' title='bbox 428 3332 568 3414; x_wconf 89' lang='lat' dir='ltr'><strong>aequitas</strong></span> <span class='ocrx_word' id='word_1_321' title='bbox 584 3350 655 3395; x_wconf 91' lang='lat' dir='ltr'><strong>eum</strong></span> <span class='ocrx_word' id='word_1_322' title='bbox 668 3332 749 3398; x_wconf 89' lang='lat' dir='ltr'><strong>iusta</strong></span> <span class='ocrx_word' id='word_1_323' title='bbox 766 3333 914 3398; x_wconf 88' lang='lat' dir='ltr'><strong>libertate</strong></span> <span class='ocrx_word' id='word_1_324' title='bbox 926 3339 959 3399; x_wconf 90' lang='lat' dir='ltr'><strong>et</strong></span> <span class='ocrx_word' id='word_1_325' title='bbox 971 3335 1112 3398; x_wconf 83' lang='lat' dir='ltr'><strong>civitatis</strong></span> <span class='ocrx_word' id='word_1_326' title='bbox 1124 3330 1237 3395; x_wconf 91' lang='lat' dir='ltr'><strong>ordine</strong></span> <span class='ocrx_word' id='word_1_327' title='bbox 1248 3332 1510 3412; x_wconf 84' lang='lat' dir='ltr'><strong>componatur.E</strong></span> 
     </span>
     <span class='ocr_line' id='line_1_35' title="bbox 381 3419 1510 3505; baseline 0 -21"><span class='ocrx_word' id='word_1_328' title='bbox 381 3424 492 3492; x_wconf 81' lang='lat' dir='ltr'><strong>contra</strong></span> <span class='ocrx_word' id='word_1_329' title='bbox 509 3420 698 3486; x_wconf 89' lang='lat' dir='ltr'><strong>insurrectio</strong></span> <span class='ocrx_word' id='word_1_330' title='bbox 716 3424 764 3486; x_wconf 91' lang='lat' dir='ltr'><strong>ius</strong></span> <span class='ocrx_word' id='word_1_331' title='bbox 780 3423 908 3488; x_wconf 86' lang='lat' dir='ltr'><strong>extollit</strong></span> <span class='ocrx_word' id='word_1_332' title='bbox 930 3423 1144 3495; x_wconf 90' lang='lat' dir='ltr'><strong>resistentiae,</strong></span> <span class='ocrx_word' id='word_1_333' title='bbox 1162 3425 1198 3484; x_wconf 91' lang='lat' dir='ltr'><strong>ut</strong></span> <span class='ocrx_word' id='word_1_334' title='bbox 1213 3419 1510 3505; x_wconf 85' lang='lat' dir='ltr'><strong>quomodocumque</strong></span> 
     </span>
     <span class='ocr_line' id='line_1_36' title="bbox 383 3508 1509 3593; baseline 0.002 -22"><span class='ocrx_word' id='word_1_335' title='bbox 383 3508 613 3588; x_wconf 89' lang='lat' dir='ltr'><strong>impedimenta</strong></span> <span class='ocrx_word' id='word_1_336' title='bbox 629 3511 859 3593; x_wconf 86' lang='lat' dir='ltr'><strong>imperantibus</strong></span> <span class='ocrx_word' id='word_1_337' title='bbox 875 3511 1092 3586; x_wconf 83' lang='lat' dir='ltr'><strong>afferat,mala</strong></span> <span class='ocrx_word' id='word_1_338' title='bbox 1108 3509 1231 3593; x_wconf 90' lang='lat' dir='ltr'><strong>publica</strong></span> <span class='ocrx_word' id='word_1_339' title='bbox 1243 3509 1371 3590; x_wconf 87' lang='lat' dir='ltr'><strong>effingat</strong></span> <span class='ocrx_word' id='word_1_340' title='bbox 1387 3508 1436 3574; x_wconf 83' lang='lat' dir='ltr'><strong>vel</strong></span> <span class='ocrx_word' id='word_1_341' title='bbox 1452 3527 1509 3573; x_wconf 89' lang='lat' dir='ltr'><strong>ex-</strong></span> 
     </span>
     <span class='ocr_line' id='line_1_37' title="bbox 382 3597 1510 3684; baseline 0 -23"><span class='ocrx_word' id='word_1_342' title='bbox 382 3603 521 3678; x_wconf 89' lang='lat' dir='ltr'><strong>aggeret,</strong></span> <span class='ocrx_word' id='word_1_343' title='bbox 547 3597 674 3684; x_wconf 90' lang='lat' dir='ltr'><strong>animos</strong></span> <span class='ocrx_word' id='word_1_344' title='bbox 688 3607 864 3682; x_wconf 88' lang='lat' dir='ltr'><strong>exasperet,</strong></span> <span class='ocrx_word' id='word_1_345' title='bbox 889 3602 1109 3682; x_wconf 87' lang='lat' dir='ltr'><strong>quosdamum</strong></span> <span class='ocrx_word' id='word_1_346' title='bbox 1125 3599 1159 3663; x_wconf 91' lang='lat' dir='ltr'><strong>iu</strong></span> <span class='ocrx_word' id='word_1_347' title='bbox 1176 3602 1318 3680; x_wconf 88' lang='lat' dir='ltr'><strong>apertam</strong></span> <span class='ocrx_word' id='word_1_348' title='bbox 1343 3598 1510 3679; x_wconf 91' lang='lat' dir='ltr'><strong>principa-</strong></span> 
     </span>
     <span class='ocr_line' id='line_1_38' title="bbox 382 3685 1509 3771; baseline 0.001 -21"><span class='ocrx_word' id='word_1_349' title='bbox 382 3690 432 3750; x_wconf 92' lang='lat' dir='ltr'><strong>tus</strong></span> <span class='ocrx_word' id='word_1_350' title='bbox 448 3687 681 3767; x_wconf 79' lang='lat' dir='ltr'><strong>aggressionem</strong></span> <span class='ocrx_word' id='word_1_351' title='bbox 695 3689 742 3751; x_wconf 85' lang='lat' dir='ltr'><strong>rel</strong></span> <span class='ocrx_word' id='word_1_352' title='bbox 751 3689 955 3754; x_wconf 90' lang='lat' dir='ltr'><strong>rebellionem</strong></span> <span class='ocrx_word' id='word_1_353' title='bbox 972 3690 1127 3771; x_wconf 92' lang='lat' dir='ltr'><strong>impellat.</strong></span> <span class='ocrx_word' id='word_1_354' title='bbox 1142 3685 1235 3766; x_wconf 89' lang='lat' dir='ltr'><strong>Quod</strong></span> <span class='ocrx_word' id='word_1_355' title='bbox 1249 3691 1283 3752; x_wconf 91' lang='lat' dir='ltr'><strong>ut</strong></span> <span class='ocrx_word' id='word_1_356' title='bbox 1296 3685 1401 3766; x_wconf 90' lang='lat' dir='ltr'><strong>aliqua</strong></span> <span class='ocrx_word' id='word_1_357' title='bbox 1415 3687 1509 3751; x_wconf 87' lang='lat' dir='ltr'><strong>lieret</strong></span> 
     </span>
     <span class='ocr_line' id='line_1_39' title="bbox 381 3773 1503 3866; baseline 0.004 -30"><span class='ocrx_word' id='word_1_358' title='bbox 381 3774 461 3836; x_wconf 89' lang='lat' dir='ltr'><strong>iuris</strong></span> <span class='ocrx_word' id='word_1_359' title='bbox 476 3775 593 3856; x_wconf 89' lang='lat' dir='ltr'><strong>specie,</strong></span> <span class='ocrx_word' id='word_1_360' title='bbox 611 3795 770 3841; x_wconf 91' lang='lat' dir='ltr'><strong>summum</strong></span> <span class='ocrx_word' id='word_1_361' title='bbox 794 3779 960 3843; x_wconf 86' lang='lat' dir='ltr'><strong>inventum</strong></span> <span class='ocrx_word' id='word_1_362' title='bbox 984 3785 1032 3866; x_wconf 87' lang='lat' dir='ltr'><strong>est</strong></span> <span class='ocrx_word' id='word_1_363' title='bbox 1048 3777 1097 3841; x_wconf 89' lang='lat' dir='ltr'><strong>ius</strong></span> <span class='ocrx_word' id='word_1_364' title='bbox 1120 3773 1230 3858; x_wconf 89' lang='lat' dir='ltr'><strong>populi</strong></span> <span class='ocrx_word' id='word_1_365' title='bbox 1254 3775 1301 3862; x_wconf 83' lang='lat' dir='ltr'><strong>vel</strong></span> <span class='ocrx_word' id='word_1_366' title='bbox 1318 3774 1503 3854; x_wconf 90' lang='lat' dir='ltr'><strong>imperium.</strong></span> 
     </span>
     <span class='ocr_line' id='line_1_40' title="bbox 381 3863 1508 3946; baseline 0.001 -19"><span class='ocrx_word' id='word_1_367' title='bbox 381 3863 564 3930; x_wconf 88' lang='lat' dir='ltr'><strong>Rousseavii</strong></span> <span class='ocrx_word' id='word_1_368' title='bbox 581 3883 678 3946; x_wconf 87' lang='lat' dir='ltr'><strong>nugas</strong></span> <span class='ocrx_word' id='word_1_369' title='bbox 693 3867 1007 3933; x_wconf 86' lang='lat' dir='ltr'><strong>retexitFranciseus</strong></span> <span class='ocrx_word' id='word_1_370' title='bbox 1018 3864 1220 3938; x_wconf 89' lang='lat' dir='ltr'><strong>Lamcnnais,</strong></span> <span class='ocrx_word' id='word_1_371' title='bbox 1234 3863 1352 3928; x_wconf 91' lang='lat' dir='ltr'><strong>mentis</strong></span> <span class='ocrx_word' id='word_1_372' title='bbox 1367 3881 1442 3928; x_wconf 91' lang='lat' dir='ltr'><strong>suae</strong></span> <span class='ocrx_word' id='word_1_373' title='bbox 1454 3865 1508 3928; x_wconf 85' lang='lat' dir='ltr'><strong>de-</strong></span> 
     </span>
     <span class='ocr_line' id='line_1_41' title="bbox 381 3951 1505 4040; baseline 0.002 -26"><span class='ocrx_word' id='word_1_374' title='bbox 381 3951 551 4016; x_wconf 88' lang='lat' dir='ltr'><strong>liramenta</strong></span> <span class='ocrx_word' id='word_1_375' title='bbox 568 3952 743 4036; x_wconf 88' lang='lat' dir='ltr'><strong>Evangelio</strong></span> <span class='ocrx_word' id='word_1_376' title='bbox 766 3957 971 4038; x_wconf 87' lang='lat' dir='ltr'><strong>permiscens,</strong></span> <span class='ocrx_word' id='word_1_377' title='bbox 990 3955 1142 4040; x_wconf 90' lang='lat' dir='ltr'><strong>populum</strong></span> <span class='ocrx_word' id='word_1_378' title='bbox 1165 3953 1351 4027; x_wconf 88' lang='lat' dir='ltr'><strong>accendens,</strong></span> <span class='ocrx_word' id='word_1_379' title='bbox 1368 3958 1403 4017; x_wconf 89' lang='lat' dir='ltr'><strong>et</strong></span> <span class='ocrx_word' id='word_1_380' title='bbox 1415 3971 1456 4018; x_wconf 91' lang='lat' dir='ltr'><strong>ue</strong></span> <span class='ocrx_word' id='word_1_381' title='bbox 1472 3951 1505 4017; x_wconf 92' lang='lat' dir='ltr'><strong>in</strong></span> 
     </span>
     <span class='ocr_line' id='line_1_42' title="bbox 381 4040 978 4128; baseline 0.01 -24"><span class='ocrx_word' id='word_1_382' title='bbox 381 4040 522 4128; x_wconf 87' lang='lat' dir='ltr'><strong>dammas</strong></span> <span class='ocrx_word' id='word_1_383' title='bbox 539 4040 643 4106; x_wconf 90' lang='lat' dir='ltr'><strong>abiret</strong></span> <span class='ocrx_word' id='word_1_384' title='bbox 661 4043 777 4108; x_wconf 85' lang='lat' dir='ltr'><strong>trustra</strong></span> <span class='ocrx_word' id='word_1_385' title='bbox 794 4061 978 4126; x_wconf 85' lang='lat' dir='ltr'><strong>exposcens.</strong></span> 
     </span>
    </p>

    <p class='ocr_par' dir='ltr' id='par_1_9' title="bbox 379 4129 1508 4480">
     <span class='ocr_line' id='line_1_43' title="bbox 470 4129 1508 4216; baseline 0.002 -22"><span class='ocrx_word' id='word_1_386' title='bbox 470 4129 528 4194; x_wconf 84' lang='lat' dir='ltr'><strong>IV.</strong></span> <span class='ocrx_word' id='word_1_387' title='bbox 547 4130 633 4195; x_wconf 87' lang='lat' dir='ltr'><strong>Haeo</strong></span> <span class='ocrx_word' id='word_1_388' title='bbox 650 4133 717 4196; x_wconf 90' lang='lat' dir='ltr'><strong>eius</strong></span> <span class='ocrx_word' id='word_1_389' title='bbox 734 4133 839 4198; x_wconf 90' lang='lat' dir='ltr'><strong>verba:</strong></span> <span class='ocrx_word' id='word_1_390' title='bbox 860 4156 877 4194; x_wconf 79' lang='lat' dir='ltr'><strong>n</strong></span> <span class='ocrx_word' id='word_1_391' title='bbox 895 4135 1038 4216; x_wconf 89' lang='lat' dir='ltr'><strong>Populus</strong></span> <span class='ocrx_word' id='word_1_392' title='bbox 1049 4132 1183 4216; x_wconf 89' lang='lat' dir='ltr'><strong>patitur,</strong></span> <span class='ocrx_word' id='word_1_393' title='bbox 1198 4130 1272 4213; x_wconf 89' lang='lat' dir='ltr'><strong>quia</strong></span> <span class='ocrx_word' id='word_1_394' title='bbox 1288 4130 1464 4212; x_wconf 88' lang='lat' dir='ltr'><strong>aequalitas</strong></span> <span class='ocrx_word' id='word_1_395' title='bbox 1475 4150 1508 4196; x_wconf 91' lang='lat' dir='ltr'><strong>e-</strong></span> 
     </span>
     <span class='ocr_line' id='line_1_44' title="bbox 379 4218 1508 4307; baseline -0.004 -20"><span class='ocrx_word' id='word_1_396' title='bbox 379 4218 501 4293; x_wconf 77' lang='lat' dir='ltr'><strong>vanuit;</strong></span> <span class='ocrx_word' id='word_1_397' title='bbox 521 4219 610 4284; x_wconf 92' lang='lat' dir='ltr'><strong>illam</strong></span> <span class='ocrx_word' id='word_1_398' title='bbox 628 4225 753 4287; x_wconf 88' lang='lat' dir='ltr'><strong>revocet</strong></span> <span class='ocrx_word' id='word_1_399' title='bbox 765 4222 906 4304; x_wconf 91' lang='lat' dir='ltr'><strong>populus,</strong></span> <span class='ocrx_word' id='word_1_400' title='bbox 925 4224 980 4307; x_wconf 90' lang='lat' dir='ltr'><strong>qui</strong></span> <span class='ocrx_word' id='word_1_401' title='bbox 996 4219 1136 4288; x_wconf 84' lang='lat' dir='ltr'><strong>summus</strong></span> <span class='ocrx_word' id='word_1_402' title='bbox 1150 4225 1198 4285; x_wconf 90' lang='lat' dir='ltr'><strong>est</strong></span> <span class='ocrx_word' id='word_1_403' title='bbox 1213 4221 1384 4302; x_wconf 89' lang='lat' dir='ltr'><strong>imperans;</strong></span> <span class='ocrx_word' id='word_1_404' title='bbox 1404 4219 1508 4285; x_wconf 90' lang='lat' dir='ltr'><strong>insur-</strong></span> 
     </span>
     <span class='ocr_line' id='line_1_45' title="bbox 380 4307 1507 4396; baseline -0.001 -24"><span class='ocrx_word' id='word_1_405' title='bbox 380 4309 536 4375; x_wconf 88' lang='lat' dir='ltr'><strong>rectiones</strong></span> <span class='ocrx_word' id='word_1_406' title='bbox 544 4309 689 4374; x_wconf 91' lang='lat' dir='ltr'><strong>ordinem</strong></span> <span class='ocrx_word' id='word_1_407' title='bbox 702 4309 886 4387; x_wconf 85' lang='lat' dir='ltr'><strong>restituunt;</strong></span> <span class='ocrx_word' id='word_1_408' title='bbox 895 4314 1085 4396; x_wconf 90' lang='lat' dir='ltr'><strong>populorum</strong></span> <span class='ocrx_word' id='word_1_409' title='bbox 1094 4309 1175 4375; x_wconf 88' lang='lat' dir='ltr'><strong>servi</strong></span> <span class='ocrx_word' id='word_1_410' title='bbox 1183 4312 1257 4372; x_wconf 92' lang='lat' dir='ltr'><strong>sunt</strong></span> <span class='ocrx_word' id='word_1_411' title='bbox 1267 4307 1441 4390; x_wconf 88' lang='lat' dir='ltr'><strong>principes;</strong></span> <span class='ocrx_word' id='word_1_412' title='bbox 1453 4328 1507 4392; x_wconf 89' lang='lat' dir='ltr'><strong>po-</strong></span> 
     </span>
     <span class='ocr_line' id='line_1_46' title="bbox 381 4397 1507 4480; baseline -0.003 -18"><span class='ocrx_word' id='word_1_413' title='bbox 381 4399 471 4479; x_wconf 88' lang='lat' dir='ltr'><strong>pulus</strong></span> <span class='ocrx_word' id='word_1_414' title='bbox 483 4397 667 4463; x_wconf 89' lang='lat' dir='ltr'><strong>mandatum</strong></span> <span class='ocrx_word' id='word_1_415' title='bbox 683 4402 823 4462; x_wconf 87' lang='lat' dir='ltr'><strong>revocat.</strong></span> <span class='ocrx_word' id='word_1_416' title='bbox 844 4423 860 4462; x_wconf 82' lang='lat' dir='ltr'><strong>a</strong></span> <span class='ocrx_word' id='word_1_417' title='bbox 879 4403 927 4466; x_wconf 89' lang='lat' dir='ltr'><strong>lta</strong></span> <span class='ocrx_word' id='word_1_418' title='bbox 944 4401 1086 4468; x_wconf 91' lang='lat' dir='ltr'><strong>exoritur</strong></span> <span class='ocrx_word' id='word_1_419' title='bbox 1102 4402 1286 4480; x_wconf 87' lang='lat' dir='ltr'><strong>exasperata</strong></span> <span class='ocrx_word' id='word_1_420' title='bbox 1302 4415 1404 4471; x_wconf 93' lang='lat' dir='ltr'><strong>mens,</strong></span> <span class='ocrx_word' id='word_1_421' title='bbox 1428 4417 1507 4480; x_wconf 87' lang='lat' dir='ltr'><strong>quae</strong></span> 
     </span>
    </p>

    <p class='ocr_par' dir='ltr' id='par_1_10' title="bbox 244 4481 1506 4660">
     <span class='ocr_line' id='line_1_47' title="bbox 244 4481 1506 4567; baseline 0.002 -19"><span class='ocrx_word' id='word_1_422' title='bbox 244 4542 248 4548; x_wconf 91' lang='lat'><strong>.</strong></span> <span class='ocrx_word' id='word_1_423' title='bbox 379 4487 549 4566; x_wconf 84' lang='lat' dir='ltr'><strong>immodice</strong></span> <span class='ocrx_word' id='word_1_424' title='bbox 561 4488 639 4551; x_wconf 91' lang='lat' dir='ltr'><strong>olim</strong></span> <span class='ocrx_word' id='word_1_425' title='bbox 651 4487 700 4552; x_wconf 91' lang='lat' dir='ltr'><strong>ius</strong></span> <span class='ocrx_word' id='word_1_426' title='bbox 713 4487 855 4552; x_wconf 77' lang='lat' dir='ltr'><strong>divinum</strong></span> <span class='ocrx_word' id='word_1_427' title='bbox 868 4489 1036 4554; x_wconf 84' lang='lat' dir='ltr'><strong>extulerat:</strong></span> <span class='ocrx_word' id='word_1_428' title='bbox 1049 4488 1238 4553; x_wconf 89' lang='lat' dir='ltr'><strong>immodicus</strong></span> <span class='ocrx_word' id='word_1_429' title='bbox 1249 4481 1385 4567; x_wconf 86' lang='lat' dir='ltr'><strong>semper!</strong></span> <span class='ocrx_word' id='word_1_430' title='bbox 1397 4485 1506 4550; x_wconf 86' lang='lat' dir='ltr'><strong>Decla-</strong></span> 
     </span>
     <span class='ocr_line' id='line_1_48' title="bbox 380 4574 1504 4660; baseline 0.004 -24"><span class='ocrx_word' id='word_1_431' title='bbox 380 4577 584 4652; x_wconf 89' lang='lat' dir='ltr'><strong>mationibus,</strong></span> <span class='ocrx_word' id='word_1_432' title='bbox 600 4577 683 4642; x_wconf 89' lang='lat' dir='ltr'><strong>nulla</strong></span> <span class='ocrx_word' id='word_1_433' title='bbox 701 4582 807 4641; x_wconf 85' lang='lat' dir='ltr'><strong>autem</strong></span> <span class='ocrx_word' id='word_1_434' title='bbox 818 4596 923 4643; x_wconf 87' lang='lat' dir='ltr'><strong>rerum</strong></span> <span class='ocrx_word' id='word_1_435' title='bbox 937 4579 1139 4660; x_wconf 87' lang='lat' dir='ltr'><strong>probatione,</strong></span> <span class='ocrx_word' id='word_1_436' title='bbox 1157 4575 1383 4642; x_wconf 84' lang='lat' dir='ltr'><strong>Rousseavium</strong></span> <span class='ocrx_word' id='word_1_437' title='bbox 1400 4574 1504 4656; x_wconf 87' lang='lat' dir='ltr'><strong>ipsum</strong></span> 
     </span>
    </p>
   </div>
   <div class='ocr_carea' id='block_1_6' title="bbox 0 0 1630 5282">
    <p class='ocr_par' dir='ltr' id='par_1_11' title="bbox 0 0 1630 5282">
     <span class='ocr_line' id='line_1_49' title="bbox 0 0 1630 5282; baseline 0 0"><span class='ocrx_word' id='word_1_438' title='bbox 0 0 1630 5282; x_wconf 95' lang='lat' dir='ltr'><strong> </strong></span> 
     </span>
    </p>
   </div>
  </div>
 </body>
</html>
