3224 5282
561 303 757 358 rrnurusxr.
1129 283 1173 350 8¹1

94 454 185 520 omnl
201 451 361 536 republica
373 453 453 518 bene
464 451 650 528 constltuta,
663 471 738 519 cura
749 457 817 521 esto
828 452 867 518 de
883 468 959 518 uero
970 451 1137 536 religione,
1153 469 1216 516 nnn

94 561 170 608 vero
186 541 226 605 de
243 542 320 606 lalsa
337 542 384 607 vel
400 541 540 608 sabulosa
555 541 756 618 stabilienda,
774 543 809 608 in
825 558 886 626 qua
900 560 1038 606 summus
1054 541 1219 622 magistra-

94 636 180 697 tusa
196 631 316 696 teneris
331 631 541 702 instituantur
558 629 600 716 1);
620 653 638 694 »
654 631 681 696 si
703 635 789 698 recte
812 649 831 695 a
851 629 1002 700 Cicerone
1025 629 1221 693 animadver-
1257 629 1280 704 tl
1292 631 1463 706 oeream.

94 739 178 786 sumt
198 739 217 778 a
233 719 350 786 Omnia
367 719 522 802 religione
537 726 704 787 moventur
715 717 760 804 2),
779 743 797 784 »
814 722 967 802 quatenus
978 719 1051 783 talis
1062 724 1109 785 est
1122 716 1221 782 socie·
1259 721 1286 796 2)
1320 727 1357 780 1n
1394 726 1466 780 Ver·

96 815 158 884 tas,
177 809 278 890 qualis
301 808 427 892 religio:
444 812 544 892 patet,
563 808 694 884 iurium,
712 825 882 890 rerumque
904 808 1099 892 publicamm
1121 806 1222 888 magi·
1238 815 1327 876 remo
1342 799 1375 858 V·

94 903 163 964 stro
174 914 374 980 summopere
389 897 646 973 adlaborandum,
657 903 694 964 ut
705 915 811 964 veram
822 896 1023 978 religionem,
1032 915 1071 964 ex
1082 914 1143 980 qua
1155 896 1222 960 ori·

96 988 208 1076 ginem
219 991 252 1052 et
264 989 342 1054 lines
354 987 425 1051 iura
436 986 545 1051 omnia
555 987 739 1070 suscipiunt,
750 991 893 1052 secernat
904 1005 922 1052 a
934 971 1031 1062 salsis,
1041 986 1134 1068 eique
1149 985 1222 1049 uni-

96 1095 134 1142 ce
151 1076 267 1151 lavent,
285 1075 399 1142 ceteris
421 1074 448 1140 si
472 1081 647 1159 resurgeat
662 1076 790 1142 civilem
811 1074 1015 1141 tolerantiam
1035 1075 1218 1157 largiturus.

96 1167 233 1232 Errores
248 1167 334 1230 enirn
346 1164 495 1237 tolerare,
513 1165 697 1248 quandoque
712 1170 760 1230 est
772 1164 978 1238 necessitatis
994 1183 1153 1246 nunquam
1165 1181 1221 1229 au-

96 1260 165 1320 tem
180 1254 309 1320 veritati
323 1271 414 1337 pares
428 1253 544 1318 babere
565 1255 614 1319 vel
629 1254 744 1319 lacere.
763 1253 889 1336 Quippe
911 1253 998 1318 lalsis
1014 1253 1221 1336 religionibus

97 1341 268 1408 institutae
282 1343 438 1418 civitates,
453 1342 536 1406 ialso
552 1343 636 1426 ipsae
650 1343 854 1408 fundamento
879 1342 1068 1418 laborarent,
1085 1343 1168 1408 cives
1183 1343 1222 1407 ll·

97 1431 160 1497 ctis
175 1431 380 1498 relationibus
394 1449 467 1497 cum
482 1431 550 1503 Deo
574 1436 607 1499 et
628 1450 733 1498 secum
749 1432 825 1515 ipsis
841 1430 1120 1514 coniungerentur,
1138 1433 1223 1498 iura·

97 1538 161 1605 que
176 1521 285 1586 omnia
297 1526 330 1586 et
341 1521 443 1586 cilicia
458 1538 513 1586 suo
530 1519 667 1602 lumine,¹
678 1522 707 1587 vi
723 1525 755 1586 et
770 1520 932 1586 sanctione
944 1520 1127 1586 delicerent.
1139 1521 1223 1602 Qua·

98 1628 136 1674 re
152 1609 217 1674 iuri
234 1614 365 1675 naturae
388 1615 422 1694 et
444 1610 587 1692 gentium
609 1610 689 1676 nihil
705 1609 875 1694 optabilius
890 1608 958 1685 liet,
978 1627 1072 1692 quam
1088 1615 1123 1676 ut
1140 1610 1223 1691 leges

96 1698 289 1782 populorum
304 1698 344 1764 ad
359 1697 414 1763 ius
422 1699 626 1779 catholicum,
645 1700 711 1765 slve
734 1697 827 1764 unice
842 1697 998 1774 divinum,
1015 1697 1132 1763 iterum
1146 1717 1224 1783 con-

98 1791 282 1854 vertantur.
966 1789 969 1795 '

190 1876 301 1942 XXII.
320 1873 424 1958 siqui
440 1885 458 1941 a
473 1876 627 1943 naturalis
641 1875 906 1962 jurisprudentiae
925 1873 1129 1956 disquisitore
1148 1876 1225 1942 baec

96 1963 187 2032 tradi
203 1965 282 2030 iuris
297 1965 398 2031 divini
413 1965 634 2043 fundamenta,
648 1986 711 2032 non
728 1984 828 2048 aequo
849 1965 956 2029 animo
979 1965 1095 2040 lerant,
1113 1966 1154 2031 iis
1174 1983 1225 2030 re-

96 2055 250 2137 ponimus
265 2055 349 2137 quod
363 2054 453 2130 olim,
470 2055 555 2138 quod
569 2073 705 2139 semper:
723 2055 755 2120 1.
769 2055 893 2120 'nullam
908 2071 965 2130 nos
976 2054 1155 2133 dignovisse
1170 2055 1227 2119 na-

97 2145 239 2208 turalem
254 2143 418 2208 hominurn
438 2145 632 2220 societatem,
652 2145 712 2212 nisi
733 2161 813 2227 quae
836 2144 936 2208 allec
951 2144 1091 2217 condita,
1108 2145 1143 2208 in
1158 2143 1226 2208 eius

97 2237 232 2297 maneat
247 2231 396 2314 imperio,
413 2225 514 2315 eoque
529 2234 732 2314 gubernetur;
745 2234 778 2298 2.
796 2233 856 2298 Dei
871 2233 1056 2321 imperia'ex
1066 2233 1224 2314 patefacta

98 2322 171 2385 eius
186 2321 351 2386 voluntate
372 2339 438 2386 esse
458 2322 650 2405 reeipienda;
669 2321 703 2390 3.
723 2321 792 2386 sine
807 2323 867 2387 boc
883 2321 1002 2386 iurium
1017 2322 1224 2398 fundamento

98 2429 136 2484 ac
154 2410 287 2486 vertice,
306 2409 389 2496 quod
408 2410 457 2474 ius
480 2411 646 2478 constituit
660 2411 845 2486 revelatum,
864 2409 983 2477 visibili
1002 2415 1096 2492 atquc
1112 2410 1224 2476 indeli-

97 2499 201 2566 cienti
216 2499 416 2580 magistratui
430 2500 662 2577 concreditum,
684 2499 889 2582 amplissima,
898 2499 1016 2564 iurium
1031 2500 1224 2564 officiorum-

99 2605 163 2672 que
188 2587 322 2663 lamilia,
341 2587 439 2654 veluti
460 2590 647 2656 obtruncato
667 2589 782 2674 capite,
806 2588 996 2665 concideret;
1015 2588 1224 2670 universaque

99 2683 216 2741 natura
234 2695 388 2760 nusquam
402 2681 473 2742 tuto
495 2695 531 2743 ac
547 2678 649 2759 plenis
664 2677 782 2745 viribus
796 2676 836 2741 ad
849 2677 952 2743 Deum
973 2682 1161 2754 creatorem,
1180 2678 1224 2741 le

101 2766 289 2847 gislatorem
304 2771 337 2832 et
352 2771 631 2850 remuneratorem,
642 2770 829 2848 assurgeret.
