3222 5282
435 307 477 374 ab
880 325 1012 375 nrnrnr.

388 480 420 540 et
435 477 583 556 corrupta
598 474 633 537 in
649 473 759 538 altera.
778 474 875 546 idest,
892 472 1029 554 seipsam
1051 471 1158 555 prodit
1173 471 1207 536 in
1224 471 1407 554 perfectiori
1425 473 1507 540 olim

388 569 473 630 statu
489 562 709 636 constitutam,
728 579 823 647 aquo
839 561 936 626 libere
951 562 1094 627 recessit.

476 650 552 718 XV.
570 652 690 717 Mirum
702 653 823 725 tamen,
837 649 922 733 quod
935 651 1120 734 mysterium
1133 649 1284 716 aratione
1296 649 1388 734 longe
1399 667 1506 718 remo-

388 748 469 815 tum,
493 738 592 822 qualis
614 740 811 804 transmissio
828 744 875 805 est
894 735 1068 820 originalis
1081 740 1216 822 peccati,
1234 739 1298 805 tale
1312 739 1370 815 sit,-
1384 739 1422 804 ut
1434 741 1508 808 sine

388 830 446 895 illo
461 830 546 894 nulla
562 827 661 894 nostri
677 829 833 911 cognitio,
846 844 926 910 quae
938 827 1175 894 difficultatibus
1187 829 1334 897 omnibus
1349 828 1509 897 diluendis

389 919 515 1002 parsit,
534 917 644 982 baberi
660 923 766 1000 queat.
780 919 871 992 Esto,
888 917 1000 982 modus
1017 916 1181 1000 ignoretur
1192 917 1346 1000 quo'illud
1359 919 1510 984 traduca-

390 1013 453 1074 tur:
472 1024 578 1071 verum
595 1006 775 1089 insipientis
790 1012 838 1073 est
854 1023 969 1087 negare
980 1007 1113 1081 factum,
1129 1005 1203 1088 quia
1215 1005 1324 1071 modus
1335 1007 1427 1073 latet.
1439 1009 1508 1076 Ne-

389 1115 450 1178 que
465 1100 631 1177 repugnat,
648 1101 793 1178 parentes
817 1095 872 1177 qui
888 1100 1072 1178 corruptam
1094 1096 1246 1176 gerebant
1262 1099 1421 1171 naturam,
1440 1115 1508 1163 non

390 1185 557 1252 tradidisse
568 1184 771 1249 innocentem
784 1185 838 1250 sed
854 1189 1048 1266 corruptam
1061 1183 1107 1248 vel
1120 1187 1288 1265 parentum
1304 1183 1451 1260 crimine,
1465 1204 1507 1254 ex

327 1305 329 1310 v
390 1273 544 1355 principis
559 1273 628 1336 aula
645 1277 740 1354 atque
756 1273 920 1349 amicitia,¹
931 1273 1071 1356 eiusdem
1089 1272 1234 1338 criminis
1258 1290 1370 1355 poena,
1389 1275 1507 1358 expelli

389 1368 534 1445 parentes
549 1366 582 1426 et
597 1361 692 1426 lilios.
710 1361 771 1427 Sed
794 1369 882 1428 certe
896 1361 957 1426 hoc
972 1363 1156 1427 dilemmate
1179 1363 1366 1443 premimur:
1384 1364 1434 1428 vel
1449 1364 1507 1429 ad-

390 1451 532 1518 mittitur
543 1441 607 1516 hoc
622 1450 823 1535 mysterium,
839 1456 872 1516 et
887 1455 992 1515 cetera
1009 1456 1141 1517 naturae
1156 1451 1308 1534 mysteria
1327 1451 1503 1528 solventur3

379 1543 438 1606 ¹rel
452 1545 595 1623 negatur,
610 1543 643 1605 et
655 1541 717 1604 alia
728 1558 802 1607 vere
814 1539 995 1606 insolubilia
1007 1544 1101 1608 erunt
1113 1539 1320 1608 admittenda.
1332 1539 1435 1613 Unde,
1450 1559 1503 1606 ex.

390 1649 455 1712 gr„
469 1629 551 1695 mala
563 1627 686 1711 quibus,
705 1630 763 1693 snb
777 1630 846 1695 Uen
861 1631 958 1704 iusto,
973 1628 1110 1695 inientes
1122 1633 1313 1710 torquentur
1323 1628 1375 1692 vir
1388 1629 1507 1710 geniti?

390 1718 645 1786 Undehorrifica
660 1720 759 1783 mors?
770 1717 823 1803 (a).
838 1719 929 1786 Unde
943 1717 1151 1799 cupiditatem
1162 1716 1281 1781 effrena
1293 1718 1339 1781 vis
1350 1735 1387 1782 ae
1399 1718 1507 1783 furori

391 1809 481 1874 Unde
496 1807 551 1871 illa
566 1806 733 1889 duplicitas
749 1813 880 1873 naturae
892 1825 910 1872 a
921 1807 990 1872 Deo
1005 1826 1070 1871 uno
1086 1810 1119 1872 et
1133 1805 1257 1888 optimo
1269 1806 1432 1873 conditae?
1443 1806 1510 1873 Cur

390 1896 545 1960 immensa
558 1896 623 1960 veri
639 1897 790 1977 cupidine
802 1895 1043 1970 exardescimus,
1052 1895 1137 1978 quod
1148 1893 1288 1960 tenebris
1299 1911 1450 1978 persaepe
1461 1897 1508 1960 la-

391 1989 439 2052 tet
453 1983 742 2050 inaccessibilibus?
758 1984 811 2051 Sic
826 2003 866 2048 ne
878 1984 1006 2048 frumini
1022 1984 1128 2050 illudit
1151 1983 1259 2050 Ueusl
1271 1981 1335 2049 Cur
1354 2003 1419 2048 uno
1433 1990 1508 2050 actu

392 2073 541 2138 virtutem
557 2072 772 2158 diligimusac
787 2073 976 2155 refugimus?
987 2072 1051 2139 Gur
1061 2073 1214 2139 creaturis
1225 2071 1432 2155 illaqueamur
1443 2079 1507 2140 eta

391 2163 459 2228 Deo
479 2161 684 2228 abducimur?
706 2161 770 2228 Cur
783 2180 887 2245 pugna
902 2167 951 2228 est
966 2162 1030 2228 vita
1046 2180 1140 2246 quam
1163 2161 1298 2244 agimus,
1319 2166 1352 2226 et
1367 2161 1509 2246 undique

391 2249 491 2332 spinis
511 2257 544 2318 et
559 2250 724 2316 sacrificiis
746 2251 903 2318 horrescit
918 2251 1045 2317 virtutis
1068 2251 1132 2327 via,
1148 2251 1298 2332 adquam
1320 2250 1442 2317 conditi
1458 2270 1509 2315 su-

391 2340 476 2405 mus?
490 2340 581 2408 Unde
596 2344 685 2406 tanta
701 2339 755 2405 illa
772 2339 973 2422 perversitas,
991 2357 1052 2422 qua
1068 2357 1108 2405 ex
1122 2339 1242 2404 duobus
1257 2338 1420 2413 fratribus,
1438 2340 1510 2420 qui-

390 2430 446 2494 bus
462 2429 560 2494 totius
576 2429 686 2494 mundi
700 2431 829 2511 patebat
839 2431 1023 2512 imperium,
1033 2447 1113 2493 unus
1128 2427 1258 2493 alterius
1269 2427 1398 2493 victima
1414 2446 1510 2493 occu-

389 2519 474 2583 buiti
489 2519 578 2584 Unde
594 2523 681 2584 tanta
694 2517 895 2586 barbararum
911 2519 1054 2600 gentium
1069 2516 1232 2601 corruptio
1244 2522 1279 2583 ut
1294 2516 1373 2581 iuris
1388 2516 1462 2582 idea
1474 2524 1508 2584 et

389 2607 495 2672 divine
511 2607 617 2688 imago
633 2607 790 2672 videretur
804 2607 930 2675 deleta?
947 2608 1037 2675 Unde
1053 2607 1086 2670 in
1104 2605 1282 2672 nationibus
1297 2623 1377 2688 quae
1392 2606 1508 2671 huma-

390 2696 491 2763 nitate
506 2696 718 2778 praefulgent,
743 2696 901 2776 bonenda
917 2684 973 2761 illd
988 2696 1073 2770 odia,
1096 2695 1276 2771 foeditates,
1301 2696 1423 2770 caedes,
1442 2697 1509 2760 rui·

390 2803 460 2859 nae,
478 2802 558 2866 quae
575 2803 632 2850 nec
647 2784 852 2850 inveniuntur
866 2785 1042 2865 inbelluis?
1054 2785 1211 2867 Equidem
1222 2800 1303 2866 quae
1318 2801 1357 2850 ex
1371 2785 1508 2849 materia

390 2880 422 2938 et
437 2873 551 2956 spiritu
567 2877 691 2939 constat
712 2878 836 2949 natura,
855 2874 953 2939 libere
967 2875 1002 2938 in
1017 2878 1187 2957 utrumque
1203 2872 1280 2938 ferri
1294 2877 1434 2956 poterat:
1453 2874 1508 2938 sed

389 2968 478 3028 tanta
490 2962 698 3038 inordinatio,
711 2963 813 3045 qualis
825 2969 957 3045 apparet
968 2964 996 3028 si
1008 2980 1044 3027 ca
1057 2980 1136 3044 quae
1150 2963 1234 3028 dicta
1247 2965 1320 3028 suut
1334 2961 1428 3026 simul
1441 2962 1510 3027 col·

391 3051 542 3134 ligantur,
564 3049 727 3119 turbatum
743 3051 911 3133 aliquando
926 3053 961 3116 in
976 3054 1121 3116 universa
1140 3055 1252 3116 natura
1267 3049 1439 3116 creationis
1455 3069 1508 3116 or-

389 3141 509 3217 dinem,
523 3159 599 3224 prae
614 3142 715 3207 oculis
730 3143 835 3222 ponit.
852 3142 942 3209 Unde
955 3159 1039 3214 vere,
1055 3140 1125 3205 sine
1140 3139 1292 3224 mysterio
1306 3140 1428 3222 peccati
1439 3141 1507 3204 ori-

387 3231 514 3311 ginalis,
534 3232 616 3313 quod
632 3230 775 3296 omnium
797 3235 846 3296 est
862 3229 1227 3312 incomprehensibilius,
1247 3248 1304 3294 uos
1319 3228 1507 3311 nobisipsis

389 3319 724 3401 incomprehensibiles
739 3338 888 3386 essemus.
903 3320 987 3386 Vere
1002 3319 1102 3384 nodus
1117 3317 1317 3384 conditionis.
1326 3323 1454 3383 nostrae
1467 3335 1507 3384 ex

464 3503 503 3574 (α’)
518 3504 621 3559 llorror
640 3505 735 3575 ingens
752 3518 805 3575 quo
819 3510 935 3559 mortem
956 3503 1157 3578 prosequimur,
1174 3503 1247 3560 illam
1262 3503 1366 3574 peccati
1388 3517 1505 3574 poenam

388 3577 517 3633 ostendit.
530 3578 605 3646 Quod
621 3585 696 3634 vates
714 3578 902 3653 caeciderunt,
918 3579 1028 3636 humani
1041 3581 1148 3655 generis
1158 3578 1318 3638 traditiones
1331 3595 1505 3654 quocumque

388 3650 500 3709 tandem
514 3652 649 3710 velamine
663 3659 849 3710 recensentes:
869 3677 872 3684 ·
1101 3663 1107 3672 '

614 3801 711 3860 dudan
726 3804 812 3875 lapeti
825 3819 914 3878 genus
1036 3831 1039 3836 ·

653 3880 745 3954 lgnem
760 3881 854 3937 fraude
868 3879 941 3938 mala
954 3882 1195 3954 gentibusiotulit.

614 3956 679 4012 Post
694 3956 781 4029 ignem
796 3957 921 4014 aetherea
934 3957 1027 4014 domo.

652 4031 834 4102 Subductum,
851 4032 950 4090 macies
963 4039 992 4089 et
1005 4046 1075 4090 nora
1090 4031 1204 4090 febrium

614 4108 706 4164 Terris
720 4108 844 4164 incubuit
858 4108 967 4165 cohors:

651 4185 808 4256 semotique
824 4184 901 4254 prius
914 4181 993 4240 tarda
1005 4185 1154 4240 necessitas

614 4259 690 4315 Letbi
704 4261 838 4331 corripuit
851 4258 979 4332 gradum.
997 4261 1093 4332 ilion,
1113 4256 1170 4316 Od.
1188 4259 1209 4333 l,
1228 4260 1274 4331 tt

386 4407 480 4462 llonne
492 4407 562 4478 ignis
573 4411 711 4468 aethereo
721 4409 807 4472 domn
818 4407 986 4475 subductus,
996 4389 1073 4466 illam*
1081 4425 1151 4481 pene
1162 4410 1245 4472 refert
1258 4408 1430 4474 sententiam:
1443 4431 1455 4462 s
1467 4411 1504 4467 Ε-

387 4481 526 4567 ntisflslcul
535 4483 589 4600 [tiit
600 4508 609 4535 υ
623 4487 652 4543 ln
664 4488 875 4561 coercentem,
887 4499 976 4543 noune
987 4483 1033 4542 illa
1044 4501 1114 4559 quae
1125 4486 1378 4560 citosequebantur:
1392 4505 1404 4535 s
1417 4487 1505 4544 lforte

387 4573 512 4616 morrerrs
528 4582 538 4611 n
554 4603 559 4615 .
