3238 5282
598 309 734 363 strutus
748 311 795 362 ιιι.
1133 290 1200 362 21ιῖ

128 455 325 523 curatoribus
347 455 527 531 remittant,
545 457 622 540 quin
638 473 776 542 unquam
796 457 928 542 populus
949 473 1023 523 suae
1037 457 1157 524 tutelae
1173 457 1242 522 liat.

219 545 327 612 XXV.
343 546 450 612 Brevi:
466 548 648 613 contractus
662 548 787 614 socialis
803 547 960 630 capitatio,
970 551 1018 614 est
1030 546 1244 631 tyrannis,vel

127 634 293 711 anurclria;
310 635 470 716 implicite,
483 635 751 702 insurrectionum
762 642 943 720 praetextus
957 640 990 700 et
1004 636 1117 710 lomes,
1131 635 1245 718 quibus

128 724 240 806 pupuli
256 723 428 790 immutant
449 724 655 806 imperantes,
675 743 737 792 non
761 727 907 808 imperia.
926 725 1078 791 Absoluta
1093 723 1179 789 enim
1195 723 1246 787 in·

127 813 340 887 surrectione,
350 813 425 877 novi
439 819 601 878 curatores
617 822 711 898 atque
722 817 950 890 dominatores,
957 813 1086 879 delicias
1098 813 1184 895 pacti
1196 828 1247 875 so·

128 901 221 969 ciclis
237 901 355 966 iterum
371 921 410 967 ne
426 902 554 984 populis
568 909 689 1008 parant·
698 909 927 988 exornantque,
941 909 977 968 ut
987 903 1021 967 bi
1037 921 1115 986 quos
1126 901 1248 966 extule-

125 996 218 1064 runt,
236 1007 344 1054 rursus
359 991 527 1056 deliciant‘t
541 993 629 1057 Tunc
643 993 765 1056 crimen
782 993 884 1058 laesae
893 991 1083 1066 malestatis
1097 1007 1161 1054 non
1178 1007 1247 1054 mo-

126 1081 172 1144 do
188 1079 297 1161 populi
315 1079 454 1157 libertas,
463 1084 517 1145 aut
531 1082 638 1154 verba,
645 1083 699 1146 sed
714 1083 851 1162 gemitus
867 1087 899 1148 et
914 1081 1062 1162 suspiria.
1054 1077 1158 1161 Ergo
1171 1097 1246 1144 con-

125 1173 251 1234 tractus
259 1167 385 1233 socratis
400 1186 419 1232 a
436 1169 692 1236 suisauctcribus
703 1171 871 1237 refutatur.
884 1172 1030 1252 Namque
1041 1170 1103 1233 hoc
1117 1168 1246 1232 tandem

128 1274 194 1321 una
218 1274 294 1322 voce
309 1258 497 1340 populorum
514 1258 607 1324 docet
630 1259 776 1326 historia:
795 1259 904 1326 sociali
923 1264 1016 1343 pacto
1032 1260 1081 1323 vel
1096 1256 1245 1340 populari

129 1347 282 1428 imperio,
298 1345 377 1411 nillil
389 1346 554 1413 invocatur
569 1348 778 1431 frequentius,
788 1349 870 1413 nibil
886 1367 904 1413 a
919 1349 982 1414 suis
997 1347 1140 1430 patronis
1152 1345 1246 1409 auda-

127 1435 344 1500 ciusviclatur
352 1440 385 1500 et
396 1436 623 1503 contemnitur.
635 1442 855 1522 assentatores
865 1437 1024 1520 vaniloqui
1035 1436 1152 1518 populo
1164 1451 1246 1498 nunc

129 1525 317 1598 abutuntur,
335 1529 372 1588 ut
386 1524 449 1589 sibi
463 1525 516 1589 ille
531 1527 660 1602 serviat,
676 1545 741 1592 nun
756 1527 821 1608 ipsi
836 1526 899 1602 illi3
917 1526 1179 1608 quemadmodum
1195 1541 1247 1588 se-

129 1619 219 1677 teres
230 1613 307 1677 olim
323 1618 533 1679 assentatores
547 1616 672 1698 regibus
684 1615 904 1690 abutebantur,
920 1615 1026 1698 specie
1038 1614 1116 1679 iuris
1131 1612 1244 1677 divini.

129 1702 226 1768 Nunc
242 1702 342 1783 igitur
357 1703 482 1785 integra
496 1707 612 1787 populo
624 1704 801 1769 exhibenda
815 1709 864 1772 est
875 1705 1089 1786 amitaequae
1101 1701 1247 1777 neoclim

129 1807 193 1856 nec
209 1791 286 1856 alias
301 1792 426 1874 regibus
440 1797 509 1857 arat
524 1793 746 1860 subtrahenda.

634 2007 752 2045 m

489 2215 781 2295 TITULUS
832 2217 892 2294 lll.

260 2422 472 2474 ealdelmus
486 2423 587 2475 oeteo
602 2426 647 2474 dx
663 2425 737 2476 [Uilli
754 2424 920 2477 unwanni
936 2425 980 2474 ΕΤ
995 2425 1123 2477 nivino.
1169 2495 1171 2498 Ι
1202 2447 1205 2454 ⁴

212 2584 234 2641 l.
253 2583 317 2642 lnda
337 2581 488 2654 imperandi
502 2539 555 2656 ins,
570 2584 643 2643 unde
657 2584 717 2656 ipsa
730 2586 858 2654 sociatas,
868 2583 909 2642 rel
923 2557 1054 2641 naturalis
1068 2584 1196 2655 produxit
1213 2585 1252 2642 iu·

131 2661 218 2718 stitia.
241 2659 276 2716 ll.
299 2658 344 2715 lus
358 2657 477 2715 divinum
492 2660 613 2716 relicitur
633 2660 673 2716 sel
687 2661 756 2720 bona
770 2661 812 2718 vel
827 2660 899 2718 mala
912 2660 976 2716 lide.
992 2661 1041 2716 lll.
1062 2664 1156 2718 status
1168 2676 1254 2733 qaae-

87 2759 89 2763 ’
129 2737 239 2793 stiouis:
256 2750 310 2790 ncn
324 2749 441 2806 persona
454 2734 602 2821 quaelibet,
618 2734 666 2792 sed
681 2736 822 2794 institutio.
835 2737 878 2794 lV.
887 2737 960 2792 llaec
975 2735 1117 2793 naturalis.
1133 2751 1199 2808 ergo
1211 2735 1254 2792 di·

131 2813 206 2866 vina.
228 2810 262 2867 V.
277 2811 334 2867 Cur
352 2825 449 2867 nomen
464 2824 530 2866 ruris
541 2810 633 2868 divim
648 2810 693 2868 Vl.
709 2813 829 2870 Elusus
842 2818 870 2868 et
883 2811 1010 2884 dignitas.
1029 2811 1088 2868 Vll.
1106 2810 1165 2867 Alia
1178 2811 1254 2883 origo

18 2893 21 2938 ι
130 2886 263 2957 familiae
284 2885 336 2942 alia
350 2886 532 2956 principatus
550 2885 623 2943 Vlll.
638 2887 789 2944 llirinum
783 2904 824 2943 ins
839 2887 918 2943 lactis
933 2886 1093 2955 populorum
1115 2887 1255 2958 perficitur

18 2967 20 3026 t
131 2929 358 3018 veldeclaratur.
375 2959 422 3017 lx
442 2963 527 3017 llcmo
540 2958 626 3034 eligit
642 2963 713 3019 Deus
727 2964 852 3020 instituit
868 2962 903 3018 x.
922 2961 1256 3032 Ergcncnpcpulusau·

131 3039 290 3094 cleritatem
306 3037 420 3110 conteri,
437 3037 486 3094 sed
498 3038 581 3094 Deus.
599 3037 645 3094 lll
661 3040 773 3098 Summa
788 3043 910 3108 potestas
923 3051 938 3092 a
953 3037 1009 3092 nec
1022 3042 1066 3092 est
1080 3039 1196 3093 mediate
1213 3035 1256 3091 vel

18 3163 19 3192 q
132 3112 302 3183 immediate,
315 3111 366 3168 sub
380 3112 636 3183 diversorespectn.
647 3113 708 3170 llll.
718 3113 787 3182 Quid
801 3112 835 3170 de
849 3109 1111 3182 usurpatoretxlll.
1123 3113 1256 3167 luracm-

132 3189 177 3246 nia
190 3189 244 3244 boc
265 3193 414 3262 systemate
428 3187 616 3248 conciliantur.
633 3188 702 3246 lllV.
718 3189 785 3246 ilinc
798 3186 949 3245 infidelibus
967 3201 1074 3259 qunque
1089 3187 1257 3273 principibus

18 3255 19 3284 ³
130 3263 250 3320 honeste
272 3261 439 3318 subiicimur.
462 3263 518 3320 llV.
534 3261 663 3320 Eiusdem
676 3265 757 3322 lentis
771 3262 849 3321 rivuli
864 3261 1046 3318 sacerdotium
1059 3262 1108 3317 et
1102 3277 1254 3333 imperium
1345 3332 1347 3338 Α

133 3339 204 3395 XVl
223 3335 402 3424 Eodemque'
395 3353 451 3394 iure
466 3338 559 3409 populi
573 3346 600 3394 et
617 3339 781 3410 imperantes
800 3339 982 3395 continentur.
993 3335 1077 3393 llVll.
1087 3337 1115 3392 lu
1128 3339 1181 3393 ltcc
1192 3351 1256 3408 vere

132 3415 198 3470 est
192 3427 245 3484 ins,
267 3414 293 3468 in
309 3413 460 3470 hominibus
475 3413 561 3470 cilicia
566 3415 686 3487 ,quibus
700 3414 748 3484 illi
759 3419 873 3471 auctore
886 3414 950 3486 lieo
965 3411 1139 3483 copulantur.
1158 3401 1253 3471 llVlll

133 3489 231 3546 Exitus
246 3489 319 3558 pacti
334 3489 454 3562 socialis,
469 3489 625 3547 resistentia
638 3496 667 3547 et
679 3491 846 3563 aggressam.

229 3652 260 3717 1.
278 3653 392 3720 Sinon
408 3654 504 3718 modo
519 3655 682 3737 praeclara
696 3654 858 3720 societatis
874 3671 946 3734 pars
958 3658 1006 3719 est
1019 3651 1192 3734 imperium
1209 3654 1257 3718 vel

138 3742 349 3826 principatus,
357 3743 412 3808 sed
424 3741 663 3808 tundamentum
676 3744 805 3826 eiusque
817 3743 993 3824 fastigium,
1001 3743 1079 3806 adeo
1091 3746 1127 3805 ut
1144 3761 1201 3806 nec
1213 3742 1259 3806 ci·

137 3831 247 3897 vitatis
263 3849 321 3895 nee
337 3831 462 3912 politici
474 3849 612 3914 unquam
624 3833 791 3914 regiminis
806 3832 889 3905 idea,
900 3830 970 3896 sine
982 3832 1086 3913 aliqua
1100 3831 1260 3914 principa-

137 3926 190 3985 tus
202 3919 303 3985 tcrma
315 3919 567 4003 habeaturzergo
580 3921 654 3986 inde
666 3923 737 3987 tluit
747 3920 926 4004 imperandi
940 3921 1000 3994 ius,
1012 3920 1097 3990 unde
1108 3920 1175 4002 ipsa
1187 3925 1258 3985 crta

138 4013 187 4072 est
201 4010 349 4075 societas.
367 4008 466 4090 atqui
479 4027 542 4074 non
559 4027 599 4074 ex
614 4010 779 4075 bominum
793 4014 886 4092 paeto
902 4015 973 4074 crta
988 4009 1127 4091 primum
1143 4015 1193 4073 est
1208 4026 1260 4072 sc-

137 4097 249 4173 cietas,
267 4115 348 4182 quae
364 4103 456 4180 pacta
470 4099 578 4164 omnia
596 4103 820 4174 antecesserat,
834 4098 929 4164 ¹sicuti
946 4097 1105 4181 pactiones
1121 4098 1259 4200 reliquas

138 4185 293 4252 naturalis
309 4192 524 4270 praecesserat
540 4188 675 4253 iustitia·
690 4206 767 4271 ergo
784 4188 833 4252 ius
848 4205 984 4292 quoque,
998 4187 1063 4250 sive
1076 4179 1198 4248 iustitia
1211 4185 1258 4249 ci·

140 4275 249 4340 vitatis
258 4276 452 4341 ordinandae
461 4277 508 4341 vel
517 4276 684 4357 regendae
695 4282 835 4343 anatnra
843 4275 973 4342 initium
982 4273 1103 4339 habuit
1109 4272 1258 4354 Sedquae

140 4365 293 4429 naturalis
308 4370 356 4430 est
371 4365 507 4440 iustitia,
523 4364 633 4430 eadem
648 4371 681 4430 et
696 4366 814 4431 divina:
829 4383 904 4447 ergo
920 4364 1115 4446 principatus
1131 4362 1259 4425 institu—
1286 4431 1288 4436 ,

141 4453 201 4528 tic,
218 4447 310 4535 origo
327 4458 360 4519 et
379 4455 462 4527 iura,
480 4454 745 4532 substantialiter,
763 4455 913 4521 detractis
934 4450 1178 4518 accidentalibus
1194 4450 1259 4514 lor-

142 4542 216 4617 mis,
236 4541 393 4616 naturalia
408 4547 483 4609 sunt
498 4548 531 4608 et
547 4541 666 4610 divina.
