3224 5282
561 345 693 396 arnonus
709 345 755 392 ιιι.
1071 339 1073 344 ·
1136 329 1181 394 ee

98 500 133 558 ut
147 492 264 556 tradita
277 490 483 574 accipiantur,
498 509 563 557 non
575 496 610 558 ut
621 491 730 556 animo
742 492 790 558 vel
800 489 993 573 cogitatione
1005 491 1218 561 inveniantur.

97 581 261 646 ilistorica
276 580 375 662 igitur
391 583 518 656 veritas,
535 581 695 646 societatis
711 581 804 647 initia
816 586 849 647 et
866 580 960 656 vices,
979 599 1077 664 quum
1095 583 1161 649 sint
1176 584 1223 649 lu·

97 675 149 737 cta
170 673 315 744 externe,
338 670 379 734 ab
400 677 532 740 externe
552 668 742 736 auctoritate
763 675 856 742 erunt
876 670 1060 754 repetenda.
1078 671 1149 737 lrno
1166 691 1224 738 neo

97 761 222 844 primus
234 759 340 834 bomo,
359 776 399 824 cx
413 761 479 824 sela
493 759 614 824 ratione
630 759 677 824 vel
691 777 784 825 sensu
798 760 927 836 intimo,
942 777 1050 824 rerum
1065 759 1223 844 integram

99 849 271 915 veritatem
285 847 414 912 haurire
428 848 594 933 potuisset.
608 847 693 928 Quid
707 851 795 914 enirn
805 850 845 915 de
856 850 905 915 sui
918 849 1092 926 creatione,
1106 851 1145 915 de
1156 852 1224 919 Nu-

100 938 201 1002 minis
216 938 381 1004 voluntate
395 939 525 1019 eiusque
541 933 729 1020 praeceptis,
748 938 809 1004 nisi
821 939 889 1005 Deo
900 939 1056 1024 tradente,
1071 939 1223 1007 novisset?

99 1029 245 1092 lamvero
257 1045 274 1091 a
286 1027 408 1110 Moyse,
423 1027 566 1094 omnium
583 1026 803 1112 antiquissimo
813 1027 965 1112 scriptore
976 1045 1013 1093 ac
1024 1027 1219 1107 fidelissimo,

99 1116 255 1180 babemus
265 1114 368 1180 Adam
385 1115 600 1198 ontologioam
615 1117 779 1182 veritatem
793 1118 839 1183 sie
853 1116 1030 1183 certissime
1041 1116 1223 1200 acquisivis-

98 1223 146 1269 se:
165 1205 200 1270 1.
214 1205 265 1270 Ex
278 1204 339 1270 Dei
353 1209 537 1288 praerepto,
554 1206 731 1270 absolutum
744 1205 814 1274 eius
826 1207 915 1272 novit
925 1207 1110 1290 imperium.
1126 1209 1160 1272 2.
1174 1208 1224 1273 Ex

97 1295 158 1359 Dei
176 1293 326 1376 imperio,
343 1294 395 1358 sui
410 1295 510 1376 ipsius
525 1296 664 1360 animam
679 1296 776 1362 libera
791 1295 954 1362 activitete
964 1297 1141 1380 praeditam
1151 1307 1224 1362 sen·

97 1384 155 1458 sit,
173 1382 375 1448 obedientiae
390 1385 437 1449 vel
453 1384 687 1453 inobedientiae
702 1401 861 1466 capacem.
876 1384 910 1450 3.
924 1386 974 1450 lix
988 1385 1124 1468 imperio
1139 1392 1172 1451 et
1188 1405 1224 1449 o-

99 1472 276 1546 bedientie,
293 1471 343 1536 ius
357 1477 391 1538 et
408 1474 522 1538 cilicia.
540 1471 575 1539 ι.
588 1472 707 1556 Corpus
722 1475 882 1540 intellexit
892 1490 963 1539 ¹non
982 1473 1020 1538 ed
1036 1475 1221 1554 imperium,

97 1561 154 1626 sed
169 1561 209 1625 nd
225 1562 350 1627 animae
365 1563 593 1638 ministerium,
611 1561 703 1645 eique
721 1565 944 1646 mancipatum.
961 1561 994 1627 e.
1007 1564 1058 1630 Ex
1068 1563 1128 1628 Dei
1144 1582 1222 1646 quo·

99 1668 163 1734 que
179 1654 363 1734 praecepto,
380 1652 596 1718 societatemn
612 1653 679 1718 Deo
691 1670 758 1716 esse
773 1653 897 1718 didicit:
913 1671 930 1713 r<
945 1651 1173 1736 Benedixitque
1185 1653 1224 1716 il·

99 1741 139 1804 lis
155 1739 254 1814 Deus,
270 1745 303 1805 et
319 1741 376 1806 ait:
394 1739 533 1806 Crescite
548 1745 581 1806 et
595 1741 853 1824 multiplicamini
867 1739 910 1826 1).
927 1737 992 1805 »6.
1011 1739 1168 1806 Similiter
1184 1760 1225 1806 ex
1249 1743 1272 1818 ιι
1289 1747 1372 1816 Gen,
1392 1745 1411 1815 t,
1422 1746 1468 1800 ιι.

99 1829 171 1894 Deo
186 1828 312 1905 didicit,
330 1833 450 1896 terram
464 1830 620 1896 humanae
636 1830 849 1896 dominationi
863 1848 932 1894 esse
948 1830 1133 1896 subiectam:
1153 1853 1169 1892 n
1183 1831 1226 1898 lit

99 1919 224 1999 replete
239 1923 370 1994 terram,
387 1925 420 1984 et
434 1919 579 1984 subiicite
593 1937 676 1996 cam,
693 1926 727 1985 et
741 1919 952 1984 dominamini
964 1920 1102 2002 piscibus
1113 1921 1223 1998 meris,

99 2010 133 2070 et
155 2006 332 2073 volatilibus
346 2008 439 2081 caeli,
456 2011 489 2073 et
502 2008 656 2074 universis
670 2008 884 2074 animantibus
897 2026 978 2093 ame
992 2013 1159 2076 moventur
1175 2029 1227 2076 su·

98 2112 159 2176 per
174 2097 297 2160 terram
310 2093 343 2180 2)
359 2118 391 2162 u.
410 2097 443 2162 7.
459 2095 554 2163 Hisce
573 2097 732 2174 omnibus,
754 2098 809 2163 ille
831 2104 1043 2181 praecesserat
1055 2099 1226 2165 creationis
1247 2104 1274 2179 ²)
1291 2102 1358 2160 ibid.

99 2182 216 2248 mundi
231 2189 326 2269 atque
344 2184 484 2250 bominis
503 2187 666 2264 revelatio,
683 2187 786 2253 Adam
801 2187 896 2262 iacta,
913 2203 992 2272 quae
1008 2189 1161 2252 naturalis
1175 2188 1227 2254 bi·

97 2271 232 2348 storiae,
250 2273 377 2358 eiusque
392 2274 606 2351 certitudinis,
620 2281 653 2341 et
666 2275 884 2343 emanantium
896 2275 970 2341 inde
981 2275 1155 2341 officiorum
1167 2276 1226 2342 ho·

98 2361 200 2427 minis
221 2364 261 2427 ad
275 2362 452 2442 hominem,
467 2363 672 2452 omniumque
695 2367 733 2432 ad
748 2365 863 2441 neum,
885 2364 975 2448 origo
996 2369 1045 2430 est
1061 2383 1098 2431 ac
1113 2365 1225 2442 lunda,-

99 2455 260 2516 mentum.

192 2541 271 2606 XII.
290 2541 376 2608 llaec
392 2559 478 2619 vera,
494 2542 623 2628 Deoque
637 2544 732 2628 digna
743 2548 777 2609 et
792 2542 934 2610 bomine.
949 2541 1011 2611 Sed
1026 2561 1089 2609 nen
1101 2562 1141 2610 ex
1152 2563 1227 2627 pno-

100 2629 172 2713 pria
189 2630 314 2696 ratione
328 2633 378 2697 vel
392 2647 485 2697 sensu
504 2649 541 2698 eu
561 2631 675 2700 didicit
698 2633 813 2707 Adam,
831 2649 889 2699 nec
903 2651 961 2699 nos
974 2633 1154 2710 didicimus,
1173 2634 1226 2700 sed

101 2737 142 2782 cx
156 2719 219 2783 Dei
234 2719 345 2802 ipsius,
363 2721 477 2786 deinde
491 2739 531 2786 ex
545 2719 704 2789 historica·
719 2723 906 2805 scriptorum
921 2722 1121 2791 auctoritate.
1140 2723 1227 2806 Ergo

101 2826 212 2961 aa?
223 2810 562 2966 titillabit?
579 2811 784 2966 aliialii
795 2812 1228 2985 latitantia?

103 2987 165 3061 ria,
180 2988 343 3055 societatis
354 2989 550 3066 constitutio,
565 2990 690 3070 religio,
701 2989 868 3055 bominum
879 2995 912 3055 et
923 2992 1116 3056 saeculorum
1129 2991 1224 3070 vices,

104 3076 168 3140 nisi
190 3076 315 3141 iabellis
329 3084 362 3143 et
376 3079 528 3161 petpetua
543 3079 679 3161 pueritia
703 3079 908 3152 delectemur,
930 3098 972 3144 ex
993 3084 1077 3143 certa
1092 3079 1228 3144 historia

103 3169 179 3230 sunt
198 3167 382 3247 repetenda.
404 3165 568 3247 Quomodo
583 3172 689 3231 autern
703 3171 802 3244 certa,
819 3182 898 3253 quae
912 3185 1024 3232 rerum
1033 3168 1227 3232 creationem

104 3259 138 3318 ct
152 3255 251 3320 finem
265 3260 420 3338 spectant,
438 3257 500 3321 nisi
514 3257 596 3322 Deus
609 3257 647 3320 ab
659 3257 754 3321 initio
766 3257 947 3322 revelasset?
960 3256 1135 3334 Quomodo,
1148 3273 1228 3340 quae

105 3348 213 3408 ιιιιιιι
228 3350 301 3410 sunt
316 3347 508 3412 necessitatis
524 3345 562 3410 ad
579 3346 814 3429 intelligendam
826 3351 918 3429 atque
930 3344 1154 3410 instituendam
1169 3344 1228 3409 ho-

106 3433 231 3496 minum
255 3439 413 3510 naturam,
432 3441 520 3503 certo
543 3453 579 3500 ec
594 3439 663 3500 tuto
686 3435 726 3499 ad
742 3454 800 3500 nos
821 3435 1048 3516 pervenissent,
1067 3433 1129 3498 nisi
1143 3433 1228 3500 Deus

106 3521 239 3586 rexisset
253 3524 457 3590 scribentem?
472 3526 620 3600 Domum,
637 3525 795 3608 quomodo
811 3525 969 3590 mundana
984 3522 1061 3588 baec
1072 3523 1228 3588 innotuis-

106 3615 154 3676 set
164 3611 333 3677 bominum
349 3615 485 3689 vocatio,
502 3614 625 3695 aliaque
639 3613 892 3690 ultramundana‚
908 3631 1002 3697 quarn
1017 3607 1162 3677 universa
1174 3631 1228 3678 ex-

107 3704 213 3779 pectet
231 3705 354 3776 natura,
376 3702 438 3766 nisi
454 3705 538 3768 Deus
555 3700 725 3768 edixisset?
739 3701 882 3783 Quom
898 3702 1129 3783 problematum
1144 3702 1228 3766 solu-

109 3788 167 3867 tio,
185 3807 284 3872 quum
300 3791 339 3856 ad
355 3791 536 3858 societatem
559 3791 807 3874 intelligendam,
825 3791 996 3872 regendam
1012 3809 1048 3856 ac
1063 3791 1228 3873 perficien-

109 3877 192 3953 dam,
212 3879 305 3960 plane
320 3884 413 3962 atque
428 3881 462 3944 in
479 3881 662 3946 universum
678 3879 852 3969 necessaria
867 3879 921 3959 sit,
939 3879 1154 3945 concludimus
1169 3878 1228 3943 hn-

108 3966 229 4032 minem
244 3985 280 4032 ae
295 3969 479 4035 societatem
494 3969 556 4034 duo
571 3987 637 4034 esse
652 3970 802 4054 mysteria
818 3968 1012 4034 naturalistis
1027 3967 1075 4033 vel
1090 3969 1229 4033 rationa-

109 4054 200 4132 listis‚
211 4061 376 4123 entemam
388 4059 613 4125 revelationem
628 4057 883 4141 despicientibus.
900 4055 1041 4135 lievem,
1050 4056 1091 4119 ab
1105 4057 1164 4121 bac
1178 4073 1228 4120 ιι-

109 4145 254 4210 ementes
273 4146 369 4212 Vicus
384 4147 511 4233 aliique,
526 4147 607 4212 nibil
619 4148 767 4231 ingerunt
778 4146 840 4211 nisi
851 4146 980 4212 tabellas
992 4151 1024 4211 et
1034 4149 1227 4210 commenta.

196 4235 291 4300 Xlll.
308 4236 342 4303 Si
362 4254 493 4319 quaeras
513 4256 570 4303 cur
585 4238 732 4302 acerrimi
752 4236 874 4317 ingenii
893 4235 943 4300 vir
959 4235 1005 4301 ita
1019 4234 1230 4299 hallucinatus

109 4324 219 4400 luerit,
237 4341 317 4407 quae
332 4326 446 4406 sentio,
463 4327 594 4392 candide
607 4326 879 4408 proteram.llicus
891 4341 1084 4406 paganomm
1097 4323 1230 4406 tigmen-

109 4413 148 4478 tis
168 4413 307 4478 nimium
325 4415 499 4498 indulgens,
522 4434 559 4481 ea
582 4418 621 4480 ad
637 4416 824 4482 catholicam
841 4413 1028 4496 sapientiam
1044 4414 1169 4478 ilectere
1184 4411 1229 4475 ir·
1319 4447 1321 4450 ·

109 4504 171 4569 rito
186 4509 305 4569 conatu
317 4506 403 4570 nisus
421 4510 479 4572 est.
496 4507 574 4570 lnde
593 4505 713 4582 haeret,
737 4503 909 4587 pugnantia
925 4502 1076 4586 loquitur,
1094 4498 1230 4565 tenebris

110 4591 289 4660 obvolvitur
307 4594 588 4664 inextricabilibus.
613 4594 695 4661 llino
710 4592 846 4682 duoque,
865 4593 931 4674 ipsa
954 4589 1090 4658 auctoris
1112 4591 1225 4665 ιιιιιι,
