3238 5282
583 309 780 372 rmntusiv.
895 351 898 360 .
988 365 992 372 ,
1124 297 1191 367 ata

122 453 404 540 praetergreditur.
423 454 625 531 Nossemus
640 455 998 532 muratorianam
1015 457 1228 542 inspiciamus.

210 545 251 610 V.
269 545 409 627 Populus
423 544 555 627 potitur.
572 545 656 612 Vere
670 543 811 627 quidem,
827 543 1070 630 scdpostquam,
1090 566 1150 630 pro
1162 549 1232 615 iure

117 633 239 710 divino,
253 640 286 700 et
300 633 388 699 cirili
403 632 597 709 obedientia,
607 633 715 718 populi
728 634 897 718 imperium
910 635 1088 718 evulgatum
1100 641 1160 702 est.
1169 638 1233 704 llx-

116 728 194 788 tunc
208 721 328 788 nullum
342 721 580 804 imperantium,
598 729 633 789 et
647 721 769 804 nullum
784 724 891 804 populi
906 723 967 797 ius,
981 723 1036 788 sed
1051 725 1233 793 colluctatio

115 817 150 877 et
166 812 269 877 dolor.
287 811 413 880 Iuribus
427 809 514 874 eninr
525 827 581 876 sua
596 811 755 894 quaelibet
767 812 908 876 membra
923 817 957 880 et
972 812 1040 878 loca
1055 818 1089 880 ct
1101 830 1233 880 munera

114 901 345 976 seriant,uode
359 897 484 964 socialis
500 898 564 965 vita
580 900 706 966 ducitur
716 904 811 982 atque
827 899 1006 976 ellloiescit;
1016 901 1162 966 subverso
1178 919 1233 968 au·

116 994 184 1054 tem
200 987 282 1064 iura,
299 993 333 1054 ct
354 988 418 1054 vita
433 986 510 1068 ipsa·
517 987 723 1055 subvertitur.
740 989 841 1054 Porro
859 988 1004 1054 universa
1027 990 1097 1054 iura
1114 992 1234 1072 permi-

115 1082 257 1152 scentur,
265 1095 361 1161 quum
369 1094 527 1142 summum
534 1078 706 1159 imperium
714 1077 828 1160 populo
835 1079 1058 1144 conscribitur.
1066 1078 1232 1159 Quaeeum

113 1183 263 1252 suprema
277 1166 321 1230 sit
334 1165 491 1248 quaestio,
509 1165 656 1232 intimius
671 1170 721 1231 est
736 1167 962 1250 pernoscenda.

178 1304 181 1312 ,
205 1254 264 1321 Vl.
280 1254 370 1322 Nibil
386 1253 562 1337 proximius
576 1255 710 1338 populo,
722 1255 771 1318 vel
787 1255 923 1332 miseris,
935 1272 1029 1339 quam
1044 1254 1187 1322 Christus
1197 1260 1232 1322 et

113 1343 334 1425 Evangelium:
344 1344 398 1410 sed
413 1341 489 1426 quid
505 1342 611 1407 veniat
624 1343 731 1427 populi
747 1344 1046 1426 nomine,quumde
1060 1344 1234 1426 publicare

113 1432 234 1514 agitur,
252 1437 338 1496 recte
352 1437 400 1497 est
414 1431 640 1496 deliniendum.
654 1433 712 1498 Est
726 1432 832 1516 itaque
846 1433 990 1516 populus,
1006 1450 1161 1514 oecregc,
1176 1449 1233 1498 nec

115 1519 364 1601 magistratibus,
379 1537 436 1585 nec
450 1519 603 1586 divitibus
618 1521 764 1592 exclusis,
776 1521 904 1585 nemine
918 1525 1117 1602 contempto,
1129 1522 1234 1587 omni·

115 1609 174 1672 bus
192 1626 264 1673 vero
276 1609 340 1672 suis
355 1610 478 1692 pariter
489 1608 611 1673 iuribus
621 1614 655 1674 et
665 1609 820 1675 charitate
831 1609 1090 1676 coiiiuuctls.llic
1101 1615 1150 1676 est
1160 1626 1233 1674 vere

115 1697 268 1780 populus:
285 1697 312 1762 si
328 1698 464 1780 plebem,
482 1698 530 1760 iel
546 1697 703 1763 furentem
720 1697 820 1780 plebis
835 1704 958 1780 partem
975 1715 1034 1779 pro
1050 1699 1165 1780 populo
1181 1716 1234 1763 ac·

112 1785 227 1867 cipias,
245 1786 415 1852 factionem
431 1785 583 1850 instituis.
602 1785 638 1852 Si
649 1785 682 1850 in
699 1786 794 1851 trivia
810 1791 844 1850 et
859 1786 991 1873 plateas,
1009 1786 1159 1852 ductante
1173 1786 1233 1852 tri·

111 1876 198 1938 buno
215 1875 263 1938 iel
278 1875 445 1956 agitatore,
463 1873 635 1956 imperium
650 1875 872 1949 transferatur,
881 1875 947 1940 illic
964 1885 1022 1939 nec
1037 1876 1172 1956 populus
1183 1876 1234 1940 iii·

112 1963 271 2036 venietur,
290 1981 347 2028 iiec
362 1963 547 2044 imperium:
560 1963 615 2027 sed
631 1964 702 2028 inex
717 1964 840 2045 populi,
850 1964 1006 2028 edocenda
1024 1964 1162 2046 primum
1175 1963 1233 2028 bu·

111 2051 309 2128 manissime,
326 2052 400 2118 dein
415 2051 505 2119 civili
519 2051 591 2117 iure
605 2051 790 2126 coercenda,
801 2057 837 2117 ut
848 2053 1025 2118 communis
1037 2058 1179 2118 servetur
1195 2052 1234 2116 li-

114 2141 232 2205 bertas.
946 2181 951 2198 .

205 2229 279 2294 Vll.
297 2229 408 2310 Neque
417 2245 492 2294 vero
499 2227 772 2311 populusdicenda
784 2234 832 2294 est
841 2229 894 2293 illa
901 2228 1107 2311 politulorum
1123 2229 1171 2294 iel
1180 2229 1233 2296 lit-

113 2322 291 2383 teratorum
303 2319 408 2393 turba,
418 2317 486 2401 qui,
495 2335 590 2400 quam
599 2334 694 2398 grave
706 2317 760 2394 sit,
774 2336 837 2382 nou
851 2335 963 2383 novem
974 2319 1148 2382 concedere
1157 2335 1233 2399 gen·

112 2413 193 2480 tem,
211 2406 267 2470 sed
289 2406 352 2470 ium
367 2406 575 2472 constitutam
594 2405 714 2487 legibus
728 2423 839 2487 regere
854 2407 906 2473 viii
925 2407 1114 2486 cogitantes:
1132 2407 1234 2489 impe·

113 2494 213 2569 rium,
225 2494 328 2576 gentis
338 2500 372 2560 et
383 2496 576 2560 sacculorum
587 2513 679 2576 opus,
688 2512 721 2560 se
734 2495 841 2576 paucis
852 2494 980 2578 syllabis
992 2495 1231 2567 reformaturos,

113 2590 282 2665 ceteraque
303 2583 410 2648 omiila
426 2583 460 2646 in
477 2601 557 2648 nova
574 2589 669 2666 atquc
684 2583 818 2648 meliora
832 2600 1038 2648 conversuros
1053 2589 1230 2650 autumant.

112 2671 225 2752 Neque
246 2671 299 2737 bic
313 2673 458 2754 populus,
476 2673 528 2736 sed
546 2672 702 2736 levissima
718 2671 824 2755 populi
839 2688 924 2754 pers,
942 2672 1003 2736 sibi
1018 2671 1150 2757 aliisque
1165 2690 1233 2737 mo·

113 2760 194 2824 lesta
205 2766 241 2840 ct,
250 2759 657 2842 periculosissime.Peiores
674 2765 781 2825 autem
796 2761 850 2842 qui
863 2760 917 2824 illa
929 2761 1125 2826 abuutuntur
1136 2759 1176 2824 ad
1187 2760 1234 2825 la-

112 2849 237 2914 ctiones
251 2853 344 2932 atque
358 2849 507 2930 imperia,
521 2866 601 2931 quac
612 2849 673 2914 sibi
686 2847 887 2920 vehementer
897 2849 1133 2931 concupiscunt.
1141 2847 1234 2928 Quod

114 2937 243 3003 videant
259 2939 404 3018 genemsi
419 2937 619 3020 quandoque,
629 2938 684 3002 sed
699 2938 795 3002 nimis
806 2937 926 3002 creduli
941 2937 1166 3012 adolescentes,
1179 2937 1235 3018 qui

112 3026 190 3090 dum
202 3025 322 3108 patriae
334 3031 368 3091 ct
379 3026 496 3109 populo
508 3026 708 3092 sedeservire
719 3026 928 3100 arbitrantur,
938 3025 1234 3108 superbissimorum

114 3115 223 3178 lorsaii
238 3131 364 3179 causam
379 3120 489 3196 agunt,
507 3115 562 3196 qui
576 3132 635 3196 pro
652 3115 799 3180 libertate
807 3114 1009 3197 tyrannidem
1020 3114 1209 3195 rependent.

204 3201 294 3268 vlll.
312 3203 373 3270 Sed
384 3221 442 3268 nec
453 3203 589 3284 denique
597 3203 746 3287 populum
753 3203 935 3285 philosophi
948 3202 1011 3284 ipsi
1020 3202 1232 3267 constituunt.

112 3290 255 3362 Plurima
270 3291 357 3356 enim
369 3291 408 3355 nd
420 3293 669 3358 ostentationem
685 3291 803 3374 potius,
818 3308 913 3373 quam
925 3291 964 3356 ad
979 3291 1063 3357 vitae
1075 3290 1233 3354 rationem

113 3380 255 3452 tradunt,
274 3385 356 3445 teste
371 3378 538 3447 Cicerone:
551 3401 568 3442 n
583 3381 706 3462 Quotus
721 3380 854 3462 quisque
869 3379 1130 3462 pbilosophorum
1146 3379 1234 3442 inve·

114 3467 214 3540 nitur,
226 3486 280 3549 qui
293 3469 496 3550 disciplinam
508 3487 597 3536 suam
610 3488 674 3533 nori
687 3470 935 3534 ostentationem
947 3468 1112 3542 scientiae,
1124 3465 1178 3532 sed
1191 3465 1235 3530 le·

113 3573 187 3636 gem
204 3555 286 3622 ritae
298 3557 404 3638 putet?
419 3557 448 3639 1)
463 3580 480 3619 ii
494 3558 770 3623 Abstractionibus
785 3564 892 3621 autem
905 3557 1005 3638 magis
1016 3573 1112 3638 quam
1129 3573 1233 3620 rerum
1262 3552 1283 3624 ll
1300 3549 1432 3622 Tdisslls
1446 3551 1500 3610 ¹¹*

115 3645 312 3724 experientia
329 3650 362 3710 et
379 3646 520 3728 practico
532 3664 624 3710 sensu
639 3665 735 3727 quum
746 3645 958 3721 delectentur,
977 3639 1153 3727 periculum
1166 3642 1234 3718 liet,

115 3732 199 3795 ricin
210 3733 352 3798 Platonis
366 3735 605 3816 Rempublicam
618 3753 675 3799 nos
687 3735 805 3800 iterum
817 3736 1003 3800 coniiciuot.
1012 3734 1134 3798 Deinde
1146 3731 1238 3816 quid·

113 3819 191 3904 quid
208 3821 284 3903 ipsis
295 3822 423 3903 ingenii
438 3824 696 3898 concesserimus,
714 3841 873 3900 numerus,
892 3828 925 3888 ct
941 3823 1062 3896 missio,
1080 3828 1113 3887 et
1129 3826 1237 3885 aucto-

113 3909 191 3974 ritas
207 3910 307 3982 deest,
328 3928 366 3974 nc
379 3911 413 3975 in
430 3913 470 3976 iis
487 3911 620 3994 populus
636 3911 851 3976 concludatur.

204 3999 264 4063 lx.
283 3999 397 4064 Dices:
416 4000 531 4081 Populi
547 3999 690 4075 nomine,
707 4017 775 4064 esse
799 3999 1040 4080 intelligendam
1057 3997 1236 4062 universam

113 4102 226 4150 eorum
242 4087 495 4162 multitudinem,
509 4089 564 4168 qui
582 4087 740 4161 laborant,
752 4088 807 4170 qui
823 4104 920 4152 onera
937 4085 1149 4174 luerunt,qui
1162 4085 1238 4147 aci·

115 4174 229 4237 vilibus
241 4176 363 4254 gaudiis
376 4177 601 4242 excluduntur?
609 4175 693 4242 Vere
706 4175 759 4240 bic
772 4177 1101 4257 illorumprnetextus,
1117 4173 1171 4254 qui
1183 4171 1238 4234 de-

107 4263 320 4340 mocraticum
336 4267 447 4347 populi
464 4266 633 4346 imperium
647 4265 799 4330 adsidere
811 4264 1050 4331 eiitollunt.Sed
1066 4262 1174 4326 eadem
1187 4275 1237 4322 re-

113 4350 216 4416 currit
231 4351 481 4419 difficultus:.nec
499 4359 566 4418 totu
581 4371 658 4436 geris
675 4355 723 4418 vel
735 4353 846 4418 civitas
857 4352 959 4417 aderit
972 4353 1006 4414 in
1020 4353 1077 4416 liac
1093 4347 1238 4414 multitu-

113 4439 203 4514 dine;
221 4457 300 4524 quae
315 4447 348 4506 et
365 4437 498 4508 numero
511 4460 547 4507 ac
564 4442 683 4507 viribus
695 4441 948 4523 praepotentior,
967 4441 1106 4504 moribus
1118 4441 1234 4506 autem,

114 4526 247 4610 iugenio
264 4533 296 4595 et
311 4531 467 4634 sapientia
484 4531 636 4615 longeest
651 4531 798 4596 interior.
813 4529 961 4598 Conditio
973 4528 1115 4681 ρέιέῐεοὶο
1128 4529 1175 4590 cst
1187 4542 1237 4588 rc·
