3222 5282
424 309 446 381 Ξ
609 407 616 422 .
650 359 655 370 ·
688 307 707 382 '.
727 335 861 409 nisurus
877 335 1144 390 curruumque.

376 479 513 559 plurima
533 497 551 544 a
571 463 715 564 pluribus
729 483 867 560 utiliter,
886 486 1037 566 graviter,
1054 476 1277 568 sapienterque
1288 485 1407 552 luerint
1422 502 1503 551 con-

362 566 533 649 -scripta.‘
585 610 590 622 ·
731 581 735 590 ·

423 679 428 688 ·
468 657 527 723 Ill.
544 656 589 724 Ut
599 675 617 722 a
629 659 711 724 isaia
723 660 873 726 vocabulo
889 661 1090 745 incipiamus,
1108 663 1178 727 iona
1193 665 1226 726 et
1240 663 1334 727 tonso
1348 663 1503 728 dixerunt

350 823 357 834 ¹
378 743 597 822 Romanorum.
608 747 835 830 antiquissimi,
849 751 903 832 qui
916 768 975 816 uec
989 751 1112 816 litteras
1126 750 1342 833 geminabant,
1360 769 1417 816 nec
1429 755 1503 816 ute-

378 831 493 914 bantur
508 834 616 900 littera
631 838 746 910 canum
762 839 804 904 R:
820 843 942 921 postea,
957 838 1080 905 abiecta
1095 838 1285 922 diphtongo,
1304 844 1337 905 et
1351 839 1503 905 sibilante

265 935 283 970 ⁴·
379 919 485 986 littera
501 923 535 989 iu
550 924 696 989 caninam
711 944 811 1002 versa,
830 928 906 994 iuro
919 928 1081 994 dixerunt.
1096 927 1159 1008 Qui
1173 926 1221 992 ius
1234 928 1353 993 ducunt
1364 945 1383 992 a
1394 927 1499 1002 iubeo,

293 1032 298 1042 ·
377 1009 466 1090 quasi
482 1011 558 1092 legis
574 1013 708 1090 iturum,
722 1015 826 1080 minus
838 1016 877 1081 ad
889 1016 1080 1082 seutentiam
1096 1016 1200 1080 lacere
1215 1016 1374 1083 videntur:
1392 1016 1455 1101 ipsi
1466 1033 1503 1080 e-

378 1097 445 1162 uim
461 1103 627 1166 externum
641 1101 822 1184 sigmiioant
839 1104 917 1187 legis
932 1105 1091 1170 ellectum.
1108 1103 1185 1180 Nos,
1199 1104 1405 1170 intrinsecam
1421 1103 1503 1186 legis

377 1190 535 1264 naturam,
549 1189 677 1273 eiusque
690 1191 859 1274 originem,
874 1195 940 1260 sive
951 1192 1107 1260 iustitiam
1117 1192 1331 1275 respicientes,
1357 1193 1407 1258 ius
1418 1193 1503 1259 oble·

376 1275 453 1340 ctioc
464 1275 549 1342 idem
560 1277 711 1345 babemus
722 1299 758 1346 au
770 1282 996 1348 tostum.«llst
1007 1278 1281 1346 autemaiustitia
1292 1283 1498 1365 appellatum:

161 1360 183 1434 ii
195 1363 226 1420 L.
242 1364 352 1442 l,ii,lib.
377 1379 461 1439 nam,
477 1369 514 1430 ut
529 1366 689 1448 eleganter
700 1367 807 1434 Celsus
825 1370 980 1446 definivit,
993 1372 1044 1435 tus
1060 1377 1104 1434 est
1117 1385 1172 1434 ora
1186 1371 1280 1451 acqui
1295 1379 1322 1434 ct
1338 1371 1410 1434 boni
1424 1369 1468 1454 1).
1479 1391 1499 1432 n

130 1439 150 1510 ¹2
169 1444 189 1494 t.
210 1440 230 1496 ¹·
376 1449 410 1516 Si
430 1471 503 1519 vero
520 1451 693 1534 subiectioc,
711 1457 794 1525 idest
813 1459 841 1523 si
860 1459 940 1524 iuris
954 1458 1129 1524 subiectum
1150 1457 1312 1539 inspicias,
1331 1457 1499 1523 definitur:

376 1538 527 1608 Facultas
539 1545 681 1625 moralis,
689 1564 843 1627 personae
854 1545 1222 1628 commoneamque
1233 1548 1313 1611 iuste
1324 1547 1503 1612 babendum

373 1630 422 1694 uel
437 1633 602 1714 mendum.
611 1634 694 1700 Hinc
702 1636 751 1700 ius
764 1636 848 1719 quod
857 1637 917 1702 tibi
926 1635 1091 1719 competit,
1102 1635 1231 1701 alterius
1239 1634 1380 1701 debitum
1389 1652 1502 1700 neces-

372 1719 457 1784 sario
471 1719 619 1798 includit;
637 1727 671 1788 et
682 1724 915 1791 vicissimlura
924 1729 1041 1806 ergoet
1050 1723 1151 1799 officia
1166 1724 1226 1789 sibi
1242 1729 1353 1789 mutuo
1364 1741 1502 1806 respon-

372 1807 449 1874 dent
464 1807 498 1871 in
515 1809 598 1874 vitae
614 1815 852 1878 consuetudine:
869 1815 935 1878 imo
951 1813 1057 1878 debita
1079 1812 1266 1893 praecedere
1285 1811 1445 1887 videntur,
1463 1816 1502 1877 ut

373 1895 444 1958 iura
459 1897 704 1965 constituantur.
730 1902 819 1968 Unde
835 1900 1115 1981 enimimperandi
1130 1901 1178 1963 ius
1193 1901 1227 1965 in
1245 1904 1349 1982 patre,
1374 1900 1439 1964 nisi
1460 1917 1502 1963 ex

373 1982 574 2048 obedientiae
589 1986 708 2063 debito,
726 2007 787 2069 quo
803 1989 1013 2070 adstringitur
1028 1987 1128 2052 iilius?
1147 1986 1251 2066 Quum
1270 1992 1375 2054 autem
1392 1988 1501 2069 legum

372 2071 574 2137 collectiones
582 2072 639 2138 Ius
647 2076 897 2160 appellamus,de
905 2094 1015 2140 eorum
1024 2075 1145 2140 iustitia
1154 2075 1436 2141 admonemur.llla
1444 2075 1501 2139 de-

372 2177 461 2224 mum
468 2160 613 2238 scientia,
624 2180 704 2243 quac
717 2165 784 2229 iuri
799 2167 947 2230 universo
956 2165 1224 2228 ordinatimesuis
1232 2165 1372 2248 sonabas
1384 2181 1502 2230 enun-

374 2250 413 2314 do
429 2256 457 2313 et
471 2248 660 2316 declarando
670 2253 867 2336 praeficitur,
886 2256 973 2317 recte
988 2251 1244 2332 Iurisprudcntta
1258 2257 1474 2334 nuncupatur.

439 2337 496 2403 Est
513 2337 613 2418 igitur
628 2339 677 2420 ius
693 2341 726 2406 id
741 2342 825 2423 quod
840 2343 959 2406 iustum
970 2341 1023 2416 sit,
1035 2358 1170 2422 aequum
1182 2345 1214 2406 et
1225 2344 1361 2405 rectum.
1375 2339 1500 2406 Conso-

374 2431 429 2492 nat
440 2425 584 2492 italicum
596 2446 725 2504 nomeu:
743 2431 767 2494 il
778 2431 896 2505 diritt03
916 2429 981 2494 sive
992 2429 1076 2511 quod
1091 2447 1148 2509 per
1160 2447 1193 2492 se
1204 2434 1326 2495 rectum
1342 2429 1385 2494 sit
1397 2429 1439 2505 ad
1450 2427 1501 2492 iu-

373 2513 482 2580 stitiae
496 2533 687 2591 mensuram,
704 2536 784 2600 quae
799 2517 901 2602 prima
918 2518 1063 2598 omnium
1077 2521 1137 2593 est,
1151 2521 1245 2598 atque
1260 2515 1432 2600 archetypa
1448 2534 1501 2584 re·

373 2602 507 2668 otitudo.
530 2602 565 2669 si
580 2605 620 2668 ad
634 2605 753 2671 tostum
767 2607 894 2672 accedat
909 2608 1044 2681 iussum,
1069 2609 1145 2670 tuuc
1159 2603 1240 2668 iuris
1261 2608 1376 2670 natura
1391 2604 1500 2687 quoad

372 2707 483 2757 omnes
498 2691 547 2756 sui
563 2691 682 2758 formas
697 2695 874 2778 perficitur.
1203 2733 1207 2740 ·

462 2780 521 2846 IV.
539 2782 593 2846 lus
617 2786 759 2860 naturae,
783 2784 822 2848 de
838 2801 901 2866 quo
916 2783 1055 2867 primum
1070 2780 1202 2847 scientia
1217 2779 1294 2845 baec
1314 2784 1426 2845 nostra
1448 2779 1502 2844 in-

371 2868 532 2948 scribitur,
551 2875 598 2936 est
610 2869 729 2935 iurium
741 2872 885 2937 omnium
904 2872 975 2936 lons
993 2870 1076 2935 uude
1087 2873 1193 2934 cetere
1204 2869 1378 2950 profluuut3
1398 2887 1501 2950 quum

371 2955 440 3021 sine
450 2957 519 3033 illo,
529 2959 706 3025 uullavitae
714 2961 920 3036 consuetudo,
932 2960 1018 3024 nulla
1028 2959 1152 3040 civitas,
1162 2958 1296 3022 societas
1308 2956 1394 3032 nulla
1406 2958 1501 3020 eilin-

370 3045 415 3125 gi,
426 3046 476 3110 vel
487 3047 659 3134 consistere
671 3050 784 3115 valeat.
793 3049 851 3114 Est
862 3053 968 3115 autem
980 3046 1139 3114 Ciceroni:
1154 3045 1277 3111 «Ratio
1291 3061 1431 3119 summa,
1446 3045 1501 3108 in-

369 3133 431 3199 sita
447 3134 482 3200 iu
502 3142 627 3211 natura,
649 3155 729 3219 quae
751 3137 840 3204 iubet
855 3154 904 3213 ea,
923 3154 1003 3220 quac
1018 3134 1162 3200 iacienda
1177 3137 1262 3208 sunt,
1280 3131 1502 3214 prohibetque

120 3215 145 3289 ²)
163 3219 206 3274 De
220 3221 302 3294 Leda
323 3224 344 3279 ¹·
368 3225 528 3290 contraria
536 3223 579 3312 2).
595 3248 613 3289 o
622 3225 814 3300 Veleodem
822 3227 967 3292 docente:
983 3226 1114 3290 «Recta
1129 3225 1192 3286 eta
1210 3219 1341 3284 numine
1349 3219 1500 3284 Deorum

119 3308 145 3384 3)
162 3311 291 3389 Pttltpp.
309 3317 344 3374 11.
368 3315 470 3378 tracta
486 3315 571 3380 ratio
585 3312 628 3398 3).
645 3337 663 3377 »
680 3316 749 3381 lloc
760 3316 830 3379 iure
845 3314 991 3379 conditae
1008 3314 1118 3392 gentes
1135 3313 1168 3373 et
1179 3307 1327 3391 imperia,
1343 3307 1501 3389 quodque

367 3399 557 3483 simpliciter
572 3407 642 3467 erat
657 3403 706 3466 ius
721 3407 866 3476 naturae,
883 3401 1003 3484 iactum
1019 3401 1067 3462 est
1082 3397 1131 3459 ius
1146 3397 1239 3461 civile
1254 3399 1286 3460 et
1301 3393 1468 3475 gentium.

455 3486 497 3553 V.
512 3489 607 3564 Nam,
622 3507 718 3570 quum
730 3488 885 3552 naturalis
896 3488 938 3550 sit
951 3483 1090 3549 bominis
1104 3501 1177 3548 cum
1191 3481 1323 3548 bomine
1337 3479 1496 3559 societas,

367 3578 497 3639 naturae
512 3575 572 3651 ius,
598 3576 687 3656 quasi
702 3575 894 3660 spiraculum
909 3570 1107 3647 Divinitatis,
1125 3589 1184 3652 per
1204 3575 1308 3636 totum
1324 3568 1500 3636 societatis

365 3679 477 3746 eorpus
492 3662 735 3728 diffundebatur:
751 3663 869 3745 primo,
883 3660 1078 3742 singulorum
1094 3658 1196 3726 officia
1210 3673 1421 3738 componens;
1438 3659 1500 3724 de-

365 3750 450 3825 inde,
467 3750 565 3817 totius
579 3752 683 3834 gentis
698 3752 844 3817 ordinem
855 3754 889 3814 ct
899 3749 1082 3822 relationem
1100 3747 1239 3820 demum,
1254 3762 1353 3827 quum
1366 3761 1434 3810 una
1446 3747 1496 3814 sit

363 3837 464 3904 totius
477 3841 602 3922 generis
616 3839 749 3915 familia,
772 3839 938 3904 nationum
954 3836 1039 3901 inter
1060 3851 1094 3898 se
1108 3833 1177 3897 iura
1198 3837 1231 3897 et
1245 3832 1349 3896 officia
1364 3836 1497 3903 consti-

364 3931 468 3991 tuens.
486 3927 568 3994 Hinc
583 3927 663 3993 iuris
678 3927 832 3995 naturalis
848 3926 995 3990 maiestas
1008 3928 1103 4004 atque
1118 3920 1293 4001 amplitudo
1300 3919 1458 4020 effulget.

452 4015 510 4083 vl.
525 4017 608 4101 Ergo
623 4017 700 4082 illud
712 4018 761 4082 ius
771 4017 936 4099 scriptum,
954 4011 1039 4094 quod
1051 4009 1144 4073 civile
1160 4008 1208 4071 vel
1220 4012 1366 4088 gentium
1378 4011 1498 4092 appel-

361 4103 456 4180 latur,
474 4105 523 4170 ius
538 4112 670 4173 naturae
684 4112 743 4183 est,
761 4105 836 4187 quia
852 4119 870 4166 a
887 4106 998 4166 natura
1013 4094 1193 4180 civitatibus
1211 4096 1260 4195 rel
1275 4096 1427 4176 gentibus
1444 4104 1498 4164 est

360 4187 1122 4279 coustitutum,antequamlegesdescriberentur:
1130 4198 1236 4263 paucis
1245 4184 1399 4283 eroeptis,
1410 4205 1498 4267 quae

362 4280 436 4346 licet
453 4300 516 4347 nou
533 4285 673 4350 absolute
689 4281 883 4367 praescripta
894 4276 960 4341 sint
972 4291 990 4338 a
1004 4275 1128 4342 natura,
1142 4273 1174 4369 et
1187 4270 1334 4350 gentibus
1341 4274 1446 4371 ‘quasi
1459 4277 1497 4339 in

358 4369 499 4437 medium
515 4373 579 4439 sint
595 4374 719 4451 relicta,
745 4378 941 4438 tamencum
958 4379 1017 4444 pro
1033 4357 1188 4422 adiunctis
1211 4357 1349 4421 naturali
1374 4377 1499 4429 conre-

360 4457 450 4526 uiaut
466 4462 633 4544 aequitati,
647 4469 742 4546 atquc
757 4461 790 4542 in
807 4458 892 4539 leges
908 4450 1058 4521 abierint,
1078 4445 1251 4509 naturalem
1267 4443 1420 4512 Obfissesst
1438 4451 1499 4516 fir-

358 4546 517 4617 mitatem.
542 4553 631 4621 Unde
647 4554 752 4637 logum
770 4550 905 4616 latorum
922 4539 1038 4623 duplex
1053 4532 1203 4600 officium:
1222 4529 1262 4604 i.
1282 4536 1422 4600 naturae
1439 4528 1504 4604 nc!
