3222 5282
570 277 763 355 rrrurusvr.
1137 284 1179 350 lil

102 457 213 516 secuta
225 457 287 518 est.
300 472 317 511 a
331 453 369 516 ln
384 450 498 514 stidore
509 451 612 515 vultus
623 452 671 516 tui
684 453 816 515 vesceris
833 468 925 532 pane,
940 451 1039 515 donec
1054 451 1223 517 revertaris

103 543 138 605 in
155 537 277 606 terram
292 541 332 605 de
347 558 408 621 qua
423 543 565 621 sumptus
580 540 724 622 asquia
734 541 834 622 pulvis
849 557 883 602 es
898 540 954 603 et
945 558 978 602 ιιι
995 539 1158 621 pulverem
1170 557 1224 603 re-

103 629 237 695 verteris
255 627 297 711 l).
315 630 422 693 »lure
437 628 574 693 infracto
540 633 732 702 naturae
744 629 811 693 iere
826 628 903 693 ordo
918 628 1145 693 invertebatur.
1157 627 1222 694 Nos
1278 624 1298 692 ΙΙ
1320 627 1389 680 Get
1400 621 1468 698 ,ΙΙΙ,

103 724 213 783 autem
229 718 384 782 naturae'
375 735 444 782 rura
461 716 669 798 inquirentes,
687 736 713 782 sr
705 717 815 782 ''hoe
805 735 853 781 rus
873 722 1003 786 naturae
1019 717 1224 797 integraein-
1248 701 1291 754 ΙΙ

101 808 240 880 dictum,
263 808 392 888 eiusque
407 805 527 870 cladem
548 807 743 882 omittamus,
760 806 918 890 quomodo
940 806 1074 890 morales
1091 809 1222 872 naturae

103 897 199 971 vires,
218 895 362 959 ordinem
376 900 473 976 atque
486 895 663 960 relationes
673 900 739 960 aest
725 895 908 960 timebimus
923 893 989 979 (a).
1064 905 1067 914 “

202 984 279 1049 Xll.
304 985 408 1048 Homo
424 985 532 1064 itaque
552 984 742 1050 constitutus
763 984 825 1049 luit
841 983 882 1048 ab
895 983 990 1048 initio
1013 987 1150 1056 sanctus,
1173 984 1224 1048 in-

104 1092 234 1147 nocens,
252 1073 421 1154 perfectus,
435 1073 551 1137 decore
565 1078 598 1137 et
613 1073 713 1154 gloria
728 1071 915 1140 cumulatus
933 1074 1020 1137 Tunc
1036 1073 1167 1155 propius
1183 1073 1222 1136 ad

103 1164 208 1228 Deum
225 1162 403 1226 accedebat:
420 1160 599 1248 intellectus
610 1162 744 1228 veritate
755 1162 994 1235 iucundabaturc
1014 1162 1141 1227 libertas
1153 1169 1222 1226 erat

104 1253 140 1315 in
157 1251 357 1333 aequilibrio,
371 1250 438 1315 sive
451 1248 620 1314 adbonum
636 1252 741 1332 potius
757 1249 902 1332 quemad
918 1250 1036 1316 malum
1048 1251 1219 1322 lerebutum

105 1341 269 1413 tenebrae,
287 1357 373 1403 mors
389 1339 563 1410 etdolores
578 1340 720 1415 aberant.
732 1339 804 1415 Sed,
816 1337 890 1404 beu!
909 1344 1030 1406 tantam
1048 1357 1112 1403 non
1127 1340 1222 1404 susti-

104 1430 178 1493 nuit
193 1425 427 1502 excellcntiam,
445 1428 523 1510 quin
539 1429 574 1493 in
588 1429 856 1512 praesumtionem
872 1433 990 1494 rueret.
1006 1429 1045 1494 Se
1060 1428 1158 1491 linem
1173 1429 1222 1492 sui

103 1517 1223 1598 ultimumconstituit3Deumauctorem,adiutorem,remuneratorem

103 1607 238 1690 sprevit.
256 1607 450 1686 delinquens
466 1607 580 1681 Deum
601 1612 649 1671 est
663 1607 725 1672 sibi
740 1607 802 1687 ipsi
815 1606 958 1678 relictum
975 1606 1112 1687 seipsum
1128 1624 1224 1686 quae-

103 1714 179 1760 rens
183 1696 346 1777 ,seipsum
361 1694 496 1768 invenit,
515 1700 734 1778 paupertatem
749 1712 863 1776 nempe
878 1699 911 1758 et
927 1694 1099 1764 miseriam:
1114 1695 1223 1762 omnia

102 1787 188 1849 scire
198 1801 400 1867 praesumens
418 1784 558 1862 tenebris
573 1785 642 1849 iere
655 1789 839 1850 excoecatus
855 1788 914 1847 est.
931 1783 1065 1854 Divinae
1080 1783 1224 1849 domina-

103 1875 191 1938 tioni
206 1883 280 1937 cum
296 1872 479 1938 rationem
470 1891 536 1955 rpse
550 1873 747 1949 subduceret,
764 1873 1026 1944 ruremerebatur
1035 1876 1073 1937 ut
1083 1873 1225 1952 corporis

101 1961 406 2028 sensusarationis
396 1979 532 2043 imperto
540 1961 780 2036 descrecerent
770 1981 804 2024 m
813 1947 1083 2043 coucupiscenttas
1094 1961 1221 2034 derecta

101 2053 230 2134 utque'
219 2070 254 2116 ιιι
270 2050 363 2116 illum
380 2052 580 2132 insurgerent
595 2068 705 2116 omnes
721 2055 896 2125 creaturae,
913 2051 963 2116 rel
978 2049 1140 2114 blanditiis
1152 2067 1225 2114 eum

101 2141 301 2221 subigerent,
320 2139 463 2220 quaeest
478 2140 622 2205 omnium
637 2140 771 2223 pessima
782 2138 934 2208 servitus.

196 2229 290 2294 Xlll.
307 2229 392 2294 Haec
405 2243 562 2310 praesens,
582 2230 663 2292 bona
678 2229 772 2293 simul
787 2233 820 2294 et
835 2230 930 2302 mala,
949 2226 1092 2292 hominis
1104 2229 1223 2294 consti-

102 2318 205 2384 tutio.
220 2317 599 2384 Nobilissimisinterdum
611 2318 853 2400 aspirationibus
865 2317 995 2382 fruitura
1009 2317 1063 2381 sed
1072 2318 1145 2382 illae
1156 2319 1224 2399 pri-

101 2409 212 2472 stinae
223 2407 389 2486 dignitatis
401 2406 566 2488 reliquiae,
576 2401 678 2472 ioedis
690 2408 806 2492 ubique
817 2407 989 2473 miscentur
999 2407 1223 2488 concupiscen-

101 2496 173 2570 tiis,
193 2511 273 2579 quae
293 2494 359 2559 lere
374 2512 432 2578 pro
449 2501 561 2560 natura
585 2496 798 2574 inoleverunt.
816 2500 960 2577 Agnosce
982 2495 1092 2576 igitur,
1110 2495 1220 2567 homo,

90 2585 300 2668 ‘paradoxum
316 2585 400 2664 quod
416 2603 449 2649 es
465 2584 526 2665 ipsi
538 2585 609 2658 tibi,
630 2591 663 2650 et
677 2584 854 2668 superbiam
870 2585 1115 2667 depone,audax
1130 2590 1163 2648 et
1173 2583 1224 2647 iri-

102 2676 200 2738 firma
212 2679 337 2737 natura.
349 2672 411 2752 Qui
423 2673 450 2737 si
465 2677 551 2738 totus
568 2674 669 2742 bonus
681 2691 774 2748 esses,
789 2691 868 2754 pura
880 2674 1016 2738 veritate
1027 2679 1060 2737 et
1073 2673 1226 2739 felicitate

101 2764 270 2827 fruereris:
292 2762 319 2824 si
335 2768 420 2827 totus
443 2763 554 2837 malus,
573 2762 687 2828 infelix
706 2779 951 2844 quaquaversus,
969 2765 1035 2827 solo
1059 2762 1225 2826 mendacio

103 2850 320 2916 delectareris.
338 2852 398 2916 Sed
414 2869 497 2916 nunc
515 2851 548 2914 in
565 2851 754 2917 felicitatem
769 2851 943 2932 suspirans,
959 2851 1047 2916 illam
1064 2869 1126 2914 non
1144 2867 1227 2914 asse-

102 2941 225 3025 queris3
243 2939 283 3003 ad
299 2941 466 3005 veritatem
483 2941 614 3006 condita
627 2959 730 3066 mens,
747 2940 930 3027 ignorantia
945 2945 1039 3022 atque
1055 2957 1163 3004 errore
1179 2946 1228 3004 te-

105 3029 265 3093 nebraris.

198 3117 291 3183 XIV.
309 3117 412 3199 lgitur
427 3119 537 3182 eadem
553 3119 720 3183 naturand
735 3135 849 3185 rerum·
858 3123 892 3183 et
905 3118 944 3181 ad
956 3118 1075 3182 bonum
1093 3116 1227 3180 inllecti-

104 3212 171 3282 tur,
190 3207 267 3270 dum
283 3207 322 3270 ab
337 3212 469 3289 utroque
487 3207 678 3279 retrahitur:
697 3213 785 3272 recta
806 3207 841 3271 in
856 3207 958 3290 prima
973 3213 1075 3288 parte,
1093 3206 1227 3284 distorta

183 3401 225 3476 (al
242 3400 333 3458 Cladis
353 3409 467 3460 naturae
483 3402 572 3459 illatae
586 3403 717 3476 originem
731 3413 759 3460 et
772 3401 965 3476 quantitatem,
980 3401 1074 3457 alaris
1095 3401 1226 3457 natrrralis

106 3481 242 3552 magistro
262 3479 318 3534 lore
339 3479 546 3546 aestimandam,
567 3477 728 3536 Pelendorlii
749 3481 820 3534 lacto
839 3477 1005 3534 declaratur.
1021 3479 1099 3547 Nam
1123 3475 1207 3533 licet
1201 3495 1227 3535 m

104 3555 278 3639 praelatione
295 3554 329 3610 ad
342 3553 441 3614 librum
460 3521 751 3628 Deosficioleomiola
765 3558 887 3618 etnicis
902 3554 993 3608 minus
1008 3561 1084 3609 recte
1099 3555 1227 3624 scripsis-

106 3639 178 3686 set«
196 3631 266 3684 iuris
276 3630 405 3685 naturalis
416 3633 486 3686 seila
498 3631 531 3686 ad
541 3632 631 3687 lorum
642 3630 781 3686 dumtaxat
794 3629 943 3685 humanum
954 3621 1087 3701 adaptari,
1100 3629 1172 3699 quod
1182 3631 1226 3684 ul·

105 3715 149 3761 tra
163 3707 236 3762 banc
250 3708 334 3761 vitam
349 3722 378 3760 se
393 3722 446 3762 non
461 3706 602 3773 extendam
622 3727 633 3756 ι
651 3706 783 3762 tamenin
800 3705 923 3760 eiusdem
943 3707 1034 3774 operis
1049 3704 1095 3760 lib.
1113 3705 1133 3770 l,
1153 3722 1178 3760 c.
1197 3709 1225 3774 l,

105 3781 217 3838 latetur:
233 3803 244 3831 a
265 3783 340 3837 ilatio
356 3781 475 3837 bumana
490 3782 538 3836 sibl
553 3781 659 3851 relicta,
672 3781 781 3852 ignorat
796 3780 1038 3852 pravitatemquae
1052 3782 1078 3836 in
1090 3781 1228 3836 facultati-

107 3856 158 3913 bus
172 3867 202 3913 et
216 3856 437 3913 inclinationibus
452 3855 569 3912 bominis
584 3859 717 3927 cernitur,
738 3872 791 3928 per
804 3856 926 3927 eulpam
939 3856 1105 3912 temonem
1127 3871 1225 3927 prore-

105 3935 190 3988 nisse.
211 3954 222 3982 ιι
239 3935 298 4000 Qua
312 3935 399 4003 posita
419 3933 581 4004 ignorantia,
599 3943 688 4005 neque
702 3931 824 3987 ciusdem
838 3931 958 3987 remedia
979 3930 1159 4004 undequaque
1175 3947 1226 4001 pa·

103 4007 214 4078 lebant,
231 4024 286 4065 non
301 4009 352 4065 iam
367 4015 398 4064 ut
412 4009 460 4064 sibi
478 4009 558 4064 bomo
578 4022 629 4078 pro
643 4006 732 4063 altera
746 4009 801 4063 rita
815 4007 951 4074 consulat,
973 4006 1022 4062 sed
1037 4023 1088 4063 nec
1102 4015 1132 4062 ut
1145 4022 1226 4077 prae·

104 4084 192 4140 sentis
206 4085 280 4138 vitae
291 4099 415 4150 cursum,
428 4083 461 4139 nd
474 4083 623 4154 perlectam
636 4084 703 4139 iuris
717 4098 884 4155 mensuram,
893 4084 1048 4138 etNuminls
1058 4079 1225 4138 voluntatem

103 4164 267 4215 constanter
279 4166 308 4215 et
322 4162 441 4230 perfecte
458 4160 594 4215 instituat.
610 4159 687 4226 Quod
701 4165 729 4214 et
742 4161 882 4215 universae
896 4166 993 4230 gentes
1007 4158 1131 4213 luctuoso
1146 4159 1225 4228 nimis

101 4235 174 4290 laeto
189 4233 403 4308 prodideruut'
397 4251 423 4290 ιιι
438 4250 575 4303 errorum,
592 4235 769 4306 vitiorumque
783 4243 905 4290 monstro
919 4233 1060 4306 delapsae.
1076 4232 1222 4319 Equidem

102 4313 148 4380 qui
163 4309 292 4366 omnibus
310 4317 422 4368 naturae
434 4310 534 4366 viribus
543 4309 633 4366 allicio
647 4309 804 4366 incumbens
809 4309 920 4382 ,aliqua
933 4310 1040 4366 adlruc
1034 4318 1171 4380 ignoraret
1183 4311 1224 4362 in·

102 4386 279 4454 vincibiliter,
296 4401 349 4443 non
368 4402 400 4443 ea
412 4394 507 4443 essent
526 4385 705 4462 imputabilia·
720 4387 769 4443 sed
783 4403 836 4443 non
850 4392 1021 4459 requeratur,
1039 4388 1144 4441 ratione
1158 4386 1225 4439 iuris

102 4463 239 4534 inspecta,
256 4461 302 4516 illa
316 4470 464 4519 esee-reeta
478 4470 505 4518 et
519 4460 682 4517 laudabilia.-
