3228 5280
539 299 759 352 virunnsvvvr.
1076 333 1079 344 .
1097 279 1162 348 289

185 448 279 515 xllr.
298 443 383 528 Q'nid
398 463 474 528 ergo
491 461 551 528 pro
568 447 638 511 inre
652 445 920 520 constituendum,
937 449 974 511 ut
988 444 1118 512 libertas
1135 457 1153 510 a
1169 445 1208 510 li-

89 537 198 603 centia
213 537 421 604 secernatur?
437 537 518 601 Rem
534 537 671 618 quaeris,
689 536 723 600 in
740 535 829 614 omni
845 535 914 599 iure
928 535 1073 618 politico,
1090 536 1209 619 perdii-

89 627 284 692 ticillimam:
298 626 374 690 dnm
390 624 478 690 enim
493 628 527 689 et
538 624 629 689 nobis
637 625 871 708 optatissimam
883 624 1208 710 latemur,omnium-

91 735 155 800 qne
168 715 414 798 pulcherrimam
430 717 464 778 et
480 711 668 778 laudabilem
685 713 882 796 disceptandi
893 719 927 783 et
938 713 1096 786 scribendi
1113 713 1210 778 liber·

92 809 207 880 tatem,
225 804 305 868 nihil
322 803 468 869 novimus
479 801 531 867 illa
548 802 687 885 iniquius
699 807 731 868 et
742 802 961 886 periculosius,
979 802 1209 872 si·excedat.Si

41 907 45 913 ’
91 893 182 959 illam
195 894 302 975 itaque
317 891 452 956 nimium
469 907 626 966 coerceas,
641 908 708 956 rem
724 891 1000 974 pretiosissimam,
1018 891 1148 974 iuraque
1159 893 1210 957 in·

92 982 263 1064 geniorum
275 979 662 1063 atque-intelligentiarum
678 981 801 1045 auteres
816 997 834 1044 e
849 981 990 1058 civitatee
1001 985 1122 1062 pestem
1133 999 1209 1046 vero

93 1071 266 1144 immittes,
284 1071 312 1134 si
328 1070 417 1134 illam
434 1069 688 1150 intemperanter
703 1069 854 1134 effundas.
874 1070 961 1150 Quae
978 1088 1051 1135 cum
1067 1071 1112 1136 ita
1126 1070 1205 1148 sint,

93 1161 292 1242 generaliora
304 1158 382 1224 haec
397 1151 630 1224 constituimus.
647 1158 679 1223 1.
690 1158 893 1242 Quacumque
901 1176 1031 1225 censura
1046 1177 1157 1244 expers
1168 1161 1208 1225 li-

93 1250 213 1323 bertas,
223 1249 257 1312 in
269 1249 454 1328 angelorum
465 1251 591 1315 tantum
599 1247 756 1314 societate
766 1247 922 1331 possibilis
933 1249 999 1323 flet,
1009 1248 1063 1312 ubi
1075 1249 1142 1313 sola
1153 1249 1211 1316 de··

92 1343 148 1402 tur
163 1337 278 1402 electio
293 1335 380 1404 inter
394 1335 513 1400 bonum
530 1340 563 1401 et
578 1335 703 1412 melins;
722 1353 786 1400 non
802 1337 927 1402 veroin
942 1336 1002 1402 hac
1013 1341 1134 1412 nostra,
1151 1340 1208 1406 ubi

92 1426 233 1508 pessimo
249 1425 363 1506 cuique
378 1425 516 1506 plurima
532 1425 591 1490 vis.
609 1426 643 1489 2.
661 1425 699 1489 ln
714 1424 954 1508 corruptissimo
968 1425 1104 1509 imperio
1117 1426 1208 1494 abso-

93 1514 160 1578 lnta
177 1514 305 1579 libertas
316 1518 365 1578 est
375 1512 562 1595 expetenda,
573 1516 608 1578 nt
617 1515 729 1578 saltem
740 1530 839 1598 aequa
854 1513 922 1578 iura
937 1519 1144 1595 permaneant
1155 1535 1209 1584 ve-

92 1602 188 1668 ritati
203 1607 239 1667 et
252 1601 395 1677 falsitati3
413 1607 523 1685 astque
537 1619 607 1666 mos
621 1602 837 1685 perantiquus,
851 1607 887 1667 nt
898 1602 1077 1669 libertatem
1090 1604 1209 1672 iactent

90 1692 171 1756 dum
187 1691 368 1773 imperium·
380 1695 536 1766 evertant,
554 1691 611 1755 illo
627 1695 740 1756 autem
757 1708 878 1765 everso,
896 1690 1074 1758 libertatem
1098 1709 1209 1776 aggre-

92 1780 222 1845 diantur
237 1798 317 1863 qnae
328 1778 405 1863 ipsis
416 1780 481 1848 iam
493 1780 588 1845 noxia
598 1778 754 1846 videatur.
764 1777 920 1863 Corrupto
931 1779 1039 1862 itaque
1054 1781 1205 1861 imperio,

18 1909 19 1914 =
91 1867 237 1951 corrupti
252 1886 409 1943 censores,
426 1873 571 1950 corrupta
593 1867 731 1933 libertast
747 1885 828 1952 qnae
843 1869 880 1934 iit
894 1868 1022 1934 libertas
1037 1871 1157 1938 erroris
1172 1873 1209 1939 et

91 1956 252 2034 criminis,
263 1957 430 2039 captivitas
439 1961 542 2022 anum
552 1957 693 2023 veritatis
703 1955 1107 2039 etaequitatis.3.Gensnra
1115 1977 1207 2042 prae÷

91 2046 238 2122 veniens,
255 2063 335 2128 qnae
351 2050 435 2112 vetat
447 2063 487 2110 ne
499 2048 580 2111 mala
595 2046 713 2128 scripta
729 2047 927 2128 evulgentnr,
944 2046 1148 2128 praeferenda
1160 2055 1208 2116 est

92 2151 245 2200 censurae
259 2134 473 2217 subsequenti,
488 2151 568 2216 qnae
578 2139 648 2218 post
660 2135 743 2200 iacta
754 2152 871 2217 poenas
882 2135 1037 2201 decernit:
1051 2137 1208 2204 eiaculata¹

91 2225 181 2289 enim
195 2224 355 2289 calumnia
370 2224 419 2290 vel
435 2223 574 2302 damma,
591 2225 682 2307 plaga
698 2228 817 2298 manet,
834 2224 918 2306 ignis
934 2228 1038 2306 serpet
1053 2226 1102 2291 vel
1114 2235 1205 2293 exar·

91 2314 211 2378 descei.
228 2310 263 2378 lt.
280 2314 349 2379 Hoc
365 2316 495 2377 teneant
509 2313 715 2378 censores-vel
732 2312 863 2378 iudices:
882 2330 944 2377 non
957 2314 1053 2378 licere
1062 2314 1118 2379 illa
1130 2315 1206 2381 eiia-

92 2402 132 2477 ri,
156 2418 238 2486 quae
253 2421 317 2467 non
337 2402 431 2466 liceat
447 2418 550 2482 agere.
568 2402 625 2467 Est
641 2402 730 2467 enim
743 2403 903 2481 prolatum
927 2401 1054 2467 verbnm
1071 2404 1136 2468 iam
1152 2403 1210 2470 in·'

18 2545 19 2568 2
90 2497 207 2572 coepta
222 2491 317 2556 actio.
333 2491 366 2556 b.
380 2491 417 2555 ln
433 2489 590 2571 regimine
604 2491 884 2573 repraesentativa,
902 2491 1059 2561 scribendi
1075 2493 1205 2576 loquen-

18 2621 19 2636 ,
92 2579 189 2664 dique
204 2578 411 2662 temperantia
423 2583 471 2644 est
487 2579 555 2644 iere
570 2579 787 2661 impossibilis.
798 2581 880 2647 Nam
893 2579 1104 2662 amplissimus
1116 2587 1205 2663 patet

18 2711 19 2750 ,
91 2667 242 2732 licentiae
253 2667 325 2733 fons
340 2669 375 2732 in
391 2667 602 2754 nationalibus
613 2666 916 2750 Comitiis‚'qnornm
930 2668 1074 2734 homines
1089 2687 1160 2735 cnm
1173 2689 1207 2735 se
1229 2703 1231 2708 v

92 2757 205 2838 populi
220 2757 349 2837 negotia
363 2760 457 2837 agere
471 2756 633 2831 dictitent,
653 2756 760 2821 omnia
776 2774 900 2840 qnoque
915 2758 1044 2832 audent,
1063 2758 1152 2840 qnasi
1168 2762 1213 2824 ex'

18 2893 19 2926 3
92 2851 238 2928 suprema
252 2845 363 2928 popnb
386 2844 588 2911 auctoritate.
607 2844 695 2925 Quae
711 2863 774 2911 non
789 2845 924 2911 minima
948 2852 996 2912 est
1016 2845 1108 2912 huius
1122 2849 1207 2930 regi·

93 2933 190 2998 minis
203 2934 388 3014 deformitas
403 2938 437 3000 ei
452 2935 620 3016 infelicitas
636 2936 646 3020 i
667 2933 689 3014 l.
1042 2966 1047 3005 .·

182 3021 274 3087 XIV.
291 3022 494 3088 netormitss.
503 3022 545 3088 lli
556 3023 642 3090 enim
655 3023 842 3107 populorum
851 3023 986 3099 tribuni,
996 3025 1128 3090 maximi
1140 3024 1207 3106 pri·

18 3157 19 3196 ,
94 3109 1204 3196 vilegiornmnostes,'omniumtamenprivilegiainseipsiscolligunt,

18 3247 19 3284 ,
93 3217 191 3281 quum
207 3217 239 3264 se
255 3199 371 3264 liberos
386 3201 424 3265 ad
442 3201 618 3277 licentiam,
636 3205 669 3266 et
684 3201 882 3268 inviolabiles
905 3202 1092 3268 decernunt.
1109 3204 1205 3268 Facta

94 3288 126 3353 in
143 3288 242 3354 oculis
258 3292 435 3357 versantur.
448 3288 511 3370 Qui
527 3307 611 3368 cnm,
628 3290 693 3354 illis
709 3309 773 3356 non
789 3290 941 3367 sentiant,
959 3284 1159 3385 contumeliis
1171 3309 1207 3355 o-

320 3448 323 3454 ,
437 3425 444 3452 l

94 3463 232 3536 Europam
243 3463 326 3521 inisse
334 3463 479 3535 prolatam.
488 3467 529 3524 dn
540 3464 681 3525 clarissimi
694 3464 936 3541 oratores,·qnibns
946 3466 998 3524 alia
1008 3481 1041 3524 ex
1052 3473 1130 3540 parte
1140 3481 1206 3541 gra·

49 3545 51 3550 '
91 3539 222 3612 tutamur,
238 3545 335 3612 gentes
346 3539 380 3597 ab
393 3541 558 3614 impendenti
574 3545 625 3599 iam
641 3542 796 3612 socialispro
806 3551 835 3600 et
845 3543 1041 3600 eommunismo
1056 3543 1207 3606 abstraxis-

96 3614 171 3671 sent?
183 3615 250 3684 Qnid
264 3615 299 3672 de
312 3614 407 3689 Gallia,
422 3616 488 3689 qnid
502 3618 537 3676 de
550 3625 629 3690 parta
643 3618 693 3674 iam
707 3617 847 3692 civilitate,
864 3619 914 3674 nisi
929 3618 973 3674 lux
987 3618 1144 3676 Decembris
1158 3635 1203 3676 se·

95 3690 183 3747 cunda
196 3689 363 3748 adstitisset?
377 3693 489 3749 Nimiam
501 3707 579 3766 ergo,
593 3692 769 3764 mortiferam,
783 3709 834 3751 nec
845 3693 1002 3763 sanabilem,
1015 3694 1087 3751 orbis
1098 3693 1205 3751 iniiam·

93 3765 185 3823 mandi
199 3764 347 3838 licentiam,
357 3761 507 3838 'ademptae
521 3767 685 3842 quandoque
705 3769 838 3826 libertatis
855 3769 1006 3840 particulae
1019 3785 1053 3828 ne
1067 3770 1213 3845 praeierag'

96 3853 165 3915 mns,
182 3855 306 3914 qnaequo
320 3842 348 3898 in
361 3843 470 3900 civitate
483 3859 548 3902 vere
562 3845 632 3902 insta
643 3846 803 3917 sina-atque
813 3845 899 3914 utilia,
909 3860 962 3901 non
972 3858 1005 3901 er
1017 3845 1134 3916 propriis
1145 3860 1206 3901 mo·

97 3914 170 3972 ribos
187 3924 268 3989 atque
282 3916 462 3990 opinionibus,
479 3918 539 3993 sed,
555 3921 724 3993 experientis
743 3919 825 3992 doce,
840 3935 872 3975 er
886 3919 965 3976 iactis
979 3922 1155 3978 extimemus.
1170 3922 1205 3976 nt

97 3987 133 4062 illi
146 3997 223 4049 carte
237 3993 263 4048 in
279 3992 611 4053 nimium-absolutismnm
624 3996 738 4069 digitum
751 3994 936 4061 intendebant,
947 3994 991 4051 illa
999 3998 1161 4066 praesertim
1171 4010 1205 4050 ex

96 4072 184 4138 parte,
199 4082 252 4138 qna
265 4065 482 4126 ecclesiasticam
503 4072 712 4143 supergreditur
732 4071 899 4128 libertatern.
914 4071 969 4126 Nos
990 4085 1048 4128 rem
1063 4078 1202 4140 tenemus,

95 4142 227 4212 principes
241 4157 303 4202 vero
319 4157 465 4201 exoramus
479 4150 509 4202 ut
523 4147 623 4203 iustam
636 4147 895 4216 monarchiam,lleo
906 4152 934 4201 et
944 4145 1046 4202 civibus
1060 4144 1205 4203 amabilem

94 4213 222 4290 officione
236 4217 262 4273 in
277 4217 370 4274 hostes
384 4226 475 4276 antem
489 4221 625 4277 societatis
638 4236 693 4278 non
704 4221 879 4290 imbecillam,
895 4236 947 4276 non
961 4222 1116 4292 ancipitem.

169 4290 209 4363 (oi
224 4292 288 4350 Vide
302 4309 371 4364 opus
385 4294 515 4353 italicum:
527 4296 698 4368 L'opinione
710 4295 768 4354 eia
781 4303 901 4370 stampe
911 4295 987 4352 stelle
998 4295 1061 4352 loro
1073 4297 1203 4354 atticen·

95 4379 126 4421 se
139 4365 216 4423 coilo
235 4368 349 4425 morale
362 4385 378 4426 e
391 4369 469 4428 coilo
488 4370 613 4444 politico
632 4369 674 4427 do
687 4373 851 4430 Fortunato
868 4373 1032 4430 capessant
1047 4367 1205 4427 nectentes

95 4439 373 4508 modeneseiiodena
385 4448 467 4503 1850.
476 4448 561 4504 liocta
572 4447 697 4504 insistens
708 4447 758 4516 via,
768 4447 882 4518 plurima
890 4445 1015 4503 edisserit
1025 4451 1122 4501 auctor
1132 4448 1204 4500 tem-

96 4515 202 4586 poribus
216 4519 318 4576 nostris
333 4523 473 4594 aptissima
487 4529 567 4599 atque
583 4521 870 4582 accommodatissima.
985 4593 1027 4664 37
