3222 5282
587 324 721 376 strutus
738 326 760 373 ι.
822 269 826 278 ’
1148 309 1188 374 11

194 470 239 536 X.
258 469 365 536 Prima
379 469 559 554 systematis
573 485 658 553 pars,
676 470 832 537 iustitiam
848 491 888 538 ex
904 472 1004 554 pactis
1019 472 1067 538 vel
1078 471 1225 538 humanis

104 557 225 642 legibus
236 564 394 650 repetens,
408 559 565 628 iustitiam
576 559 679 640 ipsam
688 561 815 626 evertit.
827 559 1225 634 Undeenlmiustitinede-

101 648 318 714 scriberentur
332 649 427 728 leges,
445 647 507 712 nisi
523 665 563 714 ex
572 649 798 738 praeexistenti
810 649 952 716 iustitiae
963 649 1053 716 tonte
1065 655 1160 732 atque
1170 668 1225 716 ex·

64 742 67 760 ¹
102 737 240 817 emplari
255 735 510 802 desumerentur?
525 736 616 804 Unde
630 738 717 818 pacti
732 738 859 802 socialis
869 737 937 821 ipsa
947 738 1007 814 vis,
1020 739 1082 804 nisi
1094 743 1226 806 naturae

103 824 1226 910 lexpactaservandaediceretlAlteraveropars,supemaelegislmpe-

100 913 153 990 rio
168 912 329 996 principes
342 917 376 978 et
391 918 531 980 rectores
544 913 730 990 subducens,
740 915 912 998 imperium
927 915 1023 982 vertit
1033 915 1068 980 iu
1081 915 1226 1000 tyranni·

101 1001 340 1084 demUtraque
350 1002 515 1066 hominem
526 1002 576 1069 vel
589 1002 804 1083 legislatorem
815 1022 874 1085 pro
882 1001 1227 1072 Numine-habetdeu-

102 1095 167 1165 tra‚
181 1109 259 1156 unus
269 1091 413 1155 omnium
425 1091 601 1174 imperator
611 1095 644 1156 et
654 1098 761 1158 rector
770 1093 867 1168 Deum
882 1092 1016 1174 ideoque
1026 1093 1226 1158 maiestatem

100 1181 172 1244 eius
187 1196 280 1244 nemo
296 1178 439 1260 effugiet,
457 1197 516 1244 nec
529 1179 649 1244 subditi
660 1181 838 1254 humilitas,
853 1199 911 1246 nee
922 1184 1050 1248 terrena
1062 1181 1223 1256 maiestas:

100 1273 135 1334 et
150 1269 247 1333 sicuti
261 1284 325 1332 una
338 1269 483 1332 omnium
499 1274 627 1342 natura,
645 1268 763 1334 civium
778 1270 900 1336 scilieet
923 1286 960 1334 ac
981 1269 1223 1352 imperantium,

99 1357 149 1422 ita
166 1357 276 1422 eadem
291 1356 415 1421 iustitia
429 1373 494 1422 uno
510 1373 621 1422 omnes
632 1357 771 1438 imperio
786 1359 951 1424 contineat
966 1375 1091 1424 necesse
1106 1363 1167 1424 est.

2 1508 4 1517 ,
193 1444 253 1509 XI.
271 1444 345 1510 Tria
360 1445 438 1508 haec
448 1448 632 1528 systemata,
646 1447 887 1528 Epicureorum,
899 1443 1080 1514 Stoicorum
1092 1452 1226 1528 etpseu·

98 1532 362 1616 dopolitieorum,
385 1533 517 1598 mutatis
541 1534 739 1617 aliquatenus
760 1534 885 1611 lormis,
910 1533 1073 1602 hodiernis
1087 1535 1227 1600 moribus

2 1686 4 1696 .
101 1625 227 1705 vigent.

2 1777 5 1789 ,
196 1709 273 1774 llll.
291 1710 408 1776 Nema
422 1707 578 1776 doctrinis
591 1711 822 1794 Epicureorum
843 1729 909 1776 non
923 1709 1014 1777 valde
1028 1711 1143 1778 absunt
1157 1729 1227 1776 sen·

100 1799 203 1864 sistae
219 1799 409 1880 nuperrimi‚
427 1799 483 1881 qui
501 1800 600 1864 malas
615 1800 805 1883 voluptates,
823 1799 979 1866 limitibus
993 1800 1099 1866 nescio
1115 1801 1228 1884 quibus

2 1944 6 1964 ,
98 1887 410 1962 circumscribentes,
428 1893 536 1958 tamen
552 1889 722 1964 deliniunt,
740 1890 890 1971 gentium
906 1889 1010 1954 studia
1025 1887 1158 1954 ecferri
1173 1889 1228 1953 de-

2 1978 7 2054 ,
99 1978 192 2051 bere,
210 1976 296 2041 utin
312 1977 466 2052 maxima,
483 1993 563 2059 quae
578 1977 649 2043 fieri
670 1977 782 2060 possit,
799 1977 984 2044 divitiarum
998 1981 1031 2042 et
1045 1977 1229 2042 commodo·

3 2055 6 2072 ⁸
99 2081 310 2148 rumpsumma
321 2065 559 2148 conquiescant
572 2067 754 2134 Materiales
764 2066 889 2150 quoque
900 2065 1101 2132 necessitates
1112 2083 1229 2148 augen-

3 2213 9 2250 ,
98 2154 158 2219 das
181 2171 262 2228 esse,
280 2158 316 2220 ut
335 2159 509 2236 augeantur
529 2154 718 2236 voluptates.
735 2156 821 2222 llaec
841 2155 904 2222 illi.
921 2154 1041 2221 Verum
1061 2155 1228 2220 commoda

3 2283 5 2290 ν
97 2242 375 2317 materialia,utut
387 2243 568 2319 laudabilia,
579 2243 934 2326 ipsamquesocietatem
946 2248 1228 2325 exornentacper-

2 2389 9 2415 ,
99 2331 227 2406 ficiunt,
244 2331 272 2395 si
286 2332 453 2413 praecedat
468 2335 502 2396 et
516 2332 688 2398 comitetur
699 2334 805 2398 animi·
814 2333 926 2409 virtus,
939 2336 973 2398 et
984 2337 1053 2398 tuta
1063 2331 1129 2396 sint
1139 2331 1222 2407 iura;
1253 2361 1256 2370 v

2 2418 9 2433 '
98 2420 262 2494 tamensi
272 2420 333 2485 ista
344 2420 557 2502 negligantur,
567 2421 763 2503 pedetentim
775 2422 813 2486 ad
822 2421 1083 2490 materialismurn
1094 2421 1142 2486 vel
1154 2437 1225 2484 sen-

98 2507 289 2574 sualismum
299 2508 485 2575 societatem
496 2509 676 2575 universam
686 2509 849 2576 deiicient.
863 2509 974 2575 Auctis
984 2509 1224 2575 verovitaema-

2 2646 4 2657 ,
98 2595 224 2662 teriaiis
240 2597 494 2672 necessitatibus,
510 2597 600 2664 verbi
615 2597 730 2680 gratia,
748 2599 784 2662 in
799 2596 934 2664 vestium
948 2599 1035 2682 luxu,
1051 2597 1086 2661 in
1101 2595 1223 2661 edendo

3 2747 4 2750 ,
99 2701 139 2750 ac
154 2685 369 2768 perpotando,
386 2685 443 2750 liet
458 2686 559 2762 brevi,
577 2687 644 2751 imo
660 2688 725 2751 iam
740 2684 859 2752 facturn
874 2691 934 2762 est,
950 2689 987 2752 ut
1002 2704 1067 2752 non
1082 2683 1225 2768 expletae

5 2797 11 2827 s
100 2773 246 2856 plebium
258 2775 458 2856 cupiditates,
471 2776 505 2839 in
521 2775 701 2840 animorum
715 2774 960 2856 aegritudinem,
974 2773 1088 2840 deinde
1099 2773 1133 2837 in
1144 2772 1229 2854 poli-

101 2861 187 2928 ticos
203 2864 357 2928 tumultus
368 2867 606 2930 convertantur.
619 2864 688 2929 Huc
699 2863 748 2928 illi
758 2867 982 2946 peruenerrmt,
995 2862 1064 2946 qui,
1075 2877 1229 2945 praeeun-

103 2955 138 3016 te
152 2951 292 3018 Ieremia
313 2952 506 3028 Benthamo,
522 2951 592 3019 cive
606 2953 715 3034 anglo,
730 2950 883 3033 politicae
896 2953 1102 3018 oeconomiae
1117 2948 1230 3014 lunda-

7 3047 14 3062 '
102 3044 252 3104 mentum
268 3057 305 3104 ac
325 3041 423 3105 finem
444 3039 645 3121 ingentium
667 3040 809 3106 utilitate
834 3041 1081 3106 constituerunt.
1099 3038 1229 3119 lamque

3 3159 8 3192 ,·
102 3129 335 3205 oeconomicus,
352 3124 506 3204 ut'aiunt,
523 3123 720 3210 disciplinae,
737 3128 936 3194 materialem
951 3127 1090 3209 undique
1104 3125 1230 3189 utilita-

102 3221 174 3282 tem
189 3233 227 3280 ac
240 3215 434 3299 voluptatem
448 3217 683 3306 conquirentes,
701 3215 873 3300 aequitate,
891 3214 1052 3296 animique
1062 3213 1230 3277 honestate

3 3305 4 3334 ¹
103 3301 244 3369 nimium
260 3305 455 3386 posthabita,
470 3306 549 3370 latas
560 3304 594 3370 in
611 3305 793 3371 nationibus
804 3303 902 3370 edunt
912 3306 1032 3370 ruinas:
1045 3300 1129 3385 quod
1140 3298 1230 3366 Cice·

102 3411 142 3458 ro
155 3393 195 3458 dc
205 3394 327 3459 recenti
337 3392 717 3460 ArcesilaeetCarneadis
725 3391 909 3468 Academia,
919 3390 1231 3475 rempublicampro-

12 3558 16 3576 Ι
103 3482 252 3565 dignate,
270 3482 349 3548 scite
364 3481 636 3548 animadvertebat
653 3481 695 3568 1).
716 3483 799 3551 llam
818 3482 959 3565 aequitas
973 3480 1117 3554 moralis,
1132 3495 1230 3560 quum
1248 3547 1259 3604 ¹
1290 3469 1323 3606 {la
1333 3471 1375 3529 ⁰⁶
1386 3473 1474 3546 Lep,

864 3597 867 3606 ,
1263 3587 1272 3622 ,
1328 3587 1335 3601 .

103 3657 164 3730 dat,
178 3655 291 3714 vellicat
304 3661 332 3714 et
345 3656 579 3731 contemnendum
592 3658 667 3730 luein
678 3665 710 3717 ot
718 3659 810 3718 Parioi
818 3661 845 3717 in
855 3665 981 3731 poemate
990 3657 1014 3718 tt
1027 3661 1146 3718 Glorno.
1156 3656 1231 3713 Con·

104 3730 498 3806 tra,ldachievelliusgraviter
511 3735 676 3792 sententiam
689 3734 868 3809 urgeturque
877 3735 902 3791 in
912 3735 1043 3807 principis
1053 3734 1173 3790 animum
1187 3731 1230 3788 in·

107 3809 177 3882 figit.
194 3809 284 3880 igitur
297 3808 344 3865 ille
356 3810 456 3884 opinio,
470 3809 535 3866 licet
548 3825 611 3866 cum
624 3811 717 3881 operis
731 3812 822 3868 colore
835 3815 864 3866 et
877 3812 984 3868 ratione
997 3812 1041 3866 vix
1052 3815 1179 3866 constare
1189 3806 1233 3862 vi-

12 3916 16 3958 ,
106 3883 221 4014 ᾱοῗῐιπ,
236 3883 282 3954 pia
297 3889 401 3959 umen,
417 3887 555 3958 quatenus
573 3885 665 3964 iniqua
680 3885 785 3944 Nicolai
803 3885 972 3944 ‘documenta
990 3886 1105 3944 damnat
1120 3897 1153 3941 ac
1165 3895 1231 3954 prn-

107 3973 144 4030 pu
159 3963 215 4016 sat.
663 3997 665 4000 -
960 3969 963 3974 '

183 4035 256 4090 Nota
270 4032 317 4090 ille
329 4049 393 4107 vor,
410 4048 492 4108 qoam
506 4037 531 4092 l.
546 4035 650 4093 Caesar
668 4049 716 4092 ore
730 4036 809 4094 nimis
823 4034 964 4094 efferebat:
983 4056 995 4086 a
1010 4035 1080 4092 Nam
1093 4035 1116 4092 si
1128 4030 1233 4090 violan-

106 4109 176 4166 dum
190 4113 237 4164 eet
249 4110 302 4182 ine,
317 4109 446 4187 regnandi
460 4111 548 4184 gratia
560 4109 718 4172 violandum
731 4117 783 4170 est.
799 4111 866 4168 liliis
879 4111 963 4168 rebus
976 4109 1106 4182 pietatem
1120 4108 1229 4166 colas.»

3 4221 17 4262 3,
186 4186 330 4258 Attamen,
346 4186 485 4255 prolundis
501 4187 569 4245 adeo
585 4185 723 4245 radicibus
736 4187 860 4244 inhaeret
880 4187 933 4258 ius,
949 4191 980 4243 ut
995 4199 1076 4243 nemo
1094 4184 1133 4242 illi
1146 4183 1234 4240 hostis

3 4311 6 4324 ,
107 4275 142 4316 ex
155 4260 253 4316 animo
264 4261 451 4319 aestimandus
465 4261 511 4319 ait.
525 4260 594 4330 Quid
607 4261 690 4334 ergo?
703 4261 732 4320 ln
743 4261 883 4337 sophistis,
896 4261 1049 4319 rethoricae
1059 4259 1234 4344 eremitate-

98 4346 172 4407 ·nes;
186 4335 216 4390 in
230 4335 331 4392 ceteris
344 4336 450 4408 imperii
463 4335 564 4410 cupido
576 4343 605 4397 et
614 4338 684 4396 sitis.
695 4336 985 4398 Hanchiavellistarum
995 4337 1158 4396 sententiam
1169 4347 1235 4408 per·

107 4411 223 4470 strinxit
238 4409 374 4470 hlficrius:
890 4409 909 4444 '¹
963 4447 966 4452 -

538 4489 611 4546 hun
624 4501 666 4561 ra,
682 4501 734 4561 pur
746 4486 813 4546 ch’ei
827 4503 879 4545 aon
893 4487 955 4560 pain

383 4561 523 4642 Golpeuol,
538 4563 616 4625 hasta
629 4564 785 4641 (Poliniee,
801 4569 858 4622 atto
870 4563 892 4641 l,
909 4579 950 4622 sc.
966 4563 1005 4638 ll.
