3222 5282
581 336 715 386 xrxcbbs
730 337 787 386 vll.
1155 327 1197 391 57

123 485 183 556 tes,
194 499 253 565 pro
266 481 414 546 iratribus
429 480 526 547 vitam
541 499 612 548 cum
624 483 776 565 sanguine
791 483 938 565 impedit?
947 481 1122 564 Quaerenti
1135 492 1240 556 autern

121 587 179 633 cur
193 571 358 636 sacrificiis
372 571 464 653 inops
477 570 519 636 sit
534 570 760 655 philantropia,
778 573 818 636 iis
833 591 911 638 vero
921 571 1059 639 charitas
1070 576 1241 643 roboretur

120 675 157 722 ac
173 659 288 734 niteat,
312 660 396 724 ratio
413 663 460 726 est
476 659 686 742 inpromptu:
711 661 810 728 virtus
832 660 1013 728 debilitatae
1036 667 1165 730 naturae
1184 666 1239 730 illa

121 751 181 824 est:
194 748 393 836 haec,gratia
406 752 438 813 et
449 748 601 828 exemplis
613 754 803 815 restauratae
814 768 851 814 ao
862 767 962 832 prope
973 749 1110 816 divinae.
1124 753 1239 820 Erem-

120 836 192 916 plar
207 837 372 902 charitatis
389 837 423 901 in
435 837 495 902 lllo
509 838 642 913 eminet,
661 837 714 920 qui
727 855 786 920 pro
798 838 946 904 iratribus
958 839 1080 921 primus
1099 841 1238 908 animam

119 925 237 1007 posuit,
257 929 367 1006 totque
383 944 419 990 ac
436 928 539 990 tantos
553 927 601 990 sui
617 926 795 992 imitatores
810 927 989 994 constituit.

210 1014 288 1079 xil.
305 1014 449 1080 Charitas
464 1013 617 1080 virtutum
633 1015 776 1082 omnium
791 1016 907 1092 torma,
925 1021 958 1082 et
974 1017 1041 1099 ipsa
1056 1015 1235 1086 civilissima
1312 1079 1318 1091 .

120 1103 232 1180 virtus,
251 1121 309 1185 per
325 1103 608 1178 omniapooietatis
619 1104 720 1168 officia
732 1104 929 1170 extenditur.
939 1107 1011 1186 lpsa
1022 1110 1070 1172 est
1087 1123 1160 1172 vera
1172 1107 1236 1173 ira-

121 1193 270 1255 lemitas:
290 1211 307 1251 a
326 1193 574 1256 Fraternitatem
590 1192 715 1273 diligite
733 1188 774 1274 1).
795 1217 813 1256 »
829 1193 1182 1262 Obedieutiamsuadct
1198 1215 1234 1264 ac
1260 1196 1281 1267 ll
1294 1198 1305 1254 ¹
1317 1200 1479 1274 Pet.,ll,17.

121 1281 221 1346 fovet:
233 1299 251 1339 «
262 1279 395 1344 Animas
407 1285 525 1345 vestras
536 1282 746 1346 castificantes
757 1281 981 1348 inobedientia
992 1282 1232 1368 claritatum.»
1256 1289 1363 1364 allbid.
1386 1293 1408 1366 l,
1432 1295 1479 1348 aa.

119 1369 285 1450 Diligeudi
301 1385 424 1434 causam
440 1374 474 1434 et
489 1369 617 1436 modum
633 1369 777 1452 exponit:
789 1390 807 1430 a
821 1371 976 1436 Debemus
988 1377 1093 1438 autem
1111 1392 1166 1439 nos
1179 1375 1234 1440 lir-

118 1460 250 1532 miores,
268 1457 502 1523 imbecillitates
516 1459 718 1524 infirmorum
740 1459 907 1534 sustinere,
925 1465 957 1526 et
975 1478 1038 1524 non
1053 1461 1144 1527 nobis
1164 1464 1233 1546 pla·

118 1565 204 1612 cere.
228 1545 447 1628 Unusquisque
463 1551 601 1612 vestrum
623 1548 773 1630 pmximo
785 1565 841 1612 suo
857 1548 979 1629 placeat
994 1548 1028 1612 in
1044 1547 1173 1626 bonum,
1192 1551 1231 1615 ad

117 1635 385 1700 aedificationem.
402 1635 531 1700 Etenim
547 1635 689 1703 Christus
711 1635 850 1702 nonsibi
867 1637 997 1720 placuit.
1015 1684 1024 1702 .
1041 1683 1049 1701 .
1068 1684 1077 1702 .
1096 1635 1243 1720 Propter

116 1726 202 1806 quod
216 1724 365 1805 suscipite
379 1724 527 1802 invicem,
546 1724 628 1792 sicut
643 1730 676 1791 et
692 1723 834 1792 Christus
849 1726 986 1808 suscepit
999 1743 1065 1801 vos,
1079 1725 1114 1790 in
1130 1725 1231 1792 hono-

117 1830 185 1892 rem
202 1813 263 1878 Dei
273 1810 317 1896 3).
333 1813 537 1878 »Hominum
548 1813 705 1878 honorem
721 1831 739 1878 a
754 1814 814 1878 Dei
825 1813 944 1879 honore
956 1831 1021 1879 non
1033 1820 1171 1895 separat,
1182 1815 1231 1880 iu·
1271 1824 1401 1896 albam,
1420 1827 1475 1900 llll,

116 1901 225 1968 stitiae
235 1901 330 1965 simul
341 1906 374 1967 et
384 1902 591 1968 humanitatis
603 1903 705 1968 officia
717 1903 945 1983 praescribens:
961 1921 978 1962 a
992 1901 1154 1969 charitate
1166 1905 1230 1969 lra·
1251 1899 1273 1972 Ι,
1291 1905 1320 1972 2,
1336 1903 1364 1971 3,
1384 1901 1408 1956 ⁷·

118 1990 280 2064 tarditatis
291 1989 427 2055 invicem
439 1990 616 2072 diligentes,
631 1990 751 2056 honore
764 1991 900 2057 invicem
913 1991 1148 2072 praevenientes
1160 1989 1227 2074 4).»
1269 1995 1295 2070 l)
1305 2001 1400 2072 Rom,
1414 1997 1473 2070 llll,

115 2080 166 2143 Ad
181 2079 285 2143 Deum
301 2079 560 2160 assurgit,.veluti
576 2081 614 2144 ad
626 2080 676 2143 sui
690 2080 849 2162 originem
864 2083 897 2144 et
909 2079 1080 2162 exemplar:
1102 2099 1119 2138 (ι
1136 2081 1229 2146 Esto·
1249 2073 1278 2128 9.

116 2174 148 2232 te
164 2167 344 2232 imitatores
359 2168 430 2243 Dei,
440 2169 522 2234 sicut
534 2169 594 2232 lilii
608 2166 796 2243 charissimi,
805 2173 848 2234 et
863 2169 1020 2234 ambulate
1034 2168 1068 2232 in
1084 2168 1230 2235 dilectio-

116 2273 167 2331 ne,
179 2251 310 2321 sicut'et
325 2255 466 2322 Christus
480 2257 593 2322 dilexit
606 2276 674 2332 nos,
684 2262 717 2323 et
732 2257 864 2322 tradidit
879 2258 1080 2340 semetipsum
1095 2275 1152 2339 pro
1169 2277 1227 2324 no-
1280 2297 1307 2368 5,
1321 2298 1413 2373 pres
1441 2301 1461 2356 v

114 2344 163 2409 bis
178 2341 223 2428 ὃ).
243 2367 261 2407 »
277 2345 348 2427 lpsa
362 2350 410 2409 est
427 2363 445 2405 a
461 2345 619 2412 vinculum
635 2346 838 2430 perfectionis
851 2343 882 2429 6)
897 2368 914 2408 u
930 2363 993 2428 quo
1009 2346 1106 2410 homo
1122 2346 1225 2430 homi·
1247 2372 1260 2430 1
1287 2376 1314 2430 2.
1418 2341 1437 2371 '²
1465 2345 1471 2372 '

112 2434 160 2511 ni,
178 2437 288 2514 gentes
302 2435 448 2514 gentibus
462 2435 695 2511 consociantur:
713 2435 842 2518 ipsaque
859 2437 1052 2499 restauratae
1063 2434 1224 2502 societatis
1263 2417 1311 2519 'cl
1338 2446 1445 2507 colors.
1464 2491 1470 2522 ,

113 2522 276 2588 vexillum:
291 2524 359 2587 «ln
375 2523 434 2588 hoc
446 2528 632 2604 cognoscent
647 2541 756 2589 omues
771 2524 845 2606 quia
861 2522 1007 2607 discipuli
1018 2523 1083 2589 mei
1094 2523 1181 2606 estis,
1195 2526 1223 2590 si
1246 2523 1295 2594 lll,
1314 2525 1355 2579 Η·

112 2611 319 2677 dilectionem
334 2611 505 2678 habueritis
522 2612 562 2676 ad
576 2612 713 2678 invicem
727 2610 770 2698 7).
791 2635 809 2676 »
1057 2666 1061 2672 .
1268 2626 1470 2704 llloan.,lllll‚

202 2700 296 2765 xlll.
309 2699 968 2784 Siaemophilosophorumhispreclarioro
981 2700 1029 2766 vel
1040 2699 1223 2772 sublimiora
1244 2705 1292 2762 35·

110 2789 258 2865 tradidit,
272 2807 329 2854 cur
339 2789 555 2854 erubescemus
565 2791 787 2872 Evangeliuml
800 2790 863 2864 Sed
871 2790 936 2856 iam
948 2793 980 2853 et
990 2787 1052 2870 ipsi
1064 2788 1224 2857 Sansimo·

110 2879 214 2943 nistae
228 2883 261 2943 et
275 2877 457 2944 Socialistae
473 2877 633 2945 Christum
647 2880 736 2961 sequi
752 2878 940 2960 gloriantur:
957 2878 1018 2942 hoc
1033 2882 1139 2944 autem
1155 2897 1223 2946 ma·

111 2967 190 3042 lum,
208 2967 293 3049 quod
309 2968 390 3031 male
406 2967 667 3050 interpretentur,
683 2971 717 3032 et
731 2968 815 3033 male
829 2971 1008 3049 sequantur.

200 3056 292 3122 xlv.
314 3056 518 3136 amplissima
533 3056 697 3122 charitatis
711 3057 761 3121 lex
775 3056 839 3120 suis
855 3055 1001 3137 gradibus
1022 3053 1218 3138 dispertitur,

108 3144 209 3209 veluti
223 3145 310 3226 regia
325 3145 429 3219 arbor,
447 3145 536 3210 cuius
558 3144 652 3220 rami,
668 3144 860 3227 propius'vel
877 3143 1013 3225 longius,
1033 3143 1129 3209 vitam
1144 3143 1222 3208 hau-

108 3233 198 3297 riunt
213 3235 252 3297 ab
268 3250 329 3296 una
345 3232 461 3308 radice,
472 3250 571 3315 eaque
580 3250 642 3298 una
652 3234 968 3300 sustentantur.Nam
976 3229 1031 3313 qui
1039 3230 1221 3298 dixitulli·

110 3322 190 3402 liges
204 3324 385 3402 proximum
407 3326 497 3386 tuum
513 3323 595 3388 sicut
611 3320 760 3404 teipsum
778 3345 795 3384 »
819 3322 851 3386 1.
869 3321 990 3395 omnia,
1014 3337 1078 3383 uno
1094 3337 1221 3402 praece·

109 3416 180 3491 pto,
198 3411 335 3474 iustiliae
351 3427 387 3474 ac
402 3411 627 3476 benevolentiae
642 3409 745 3475 officia
760 3416 808 3477 est
822 3410 1013 3491 complexus,
1022 3425 1119 3490 quum
1135 3413 1221 3473 utra·

107 3518 171 3580 que
192 3499 233 3562 ab
248 3516 309 3562 una
324 3499 503 3565 dilectionis
522 3500 629 3564 radice
648 3501 897 3580 proficiscantur:
923 3515 981 3563 uec
999 3497 1067 3585 sine
1085 3497 1220 3563 benevo-

108 3587 222 3664 lentia,
240 3604 279 3652 ex
296 3592 426 3652 naturae
442 3587 565 3665 ordine,
584 3589 626 3654 sit
641 3589 779 3671 perlecta
794 3589 926 3662 iustitia,
942 3587 989 3653 vel
1001 3587 1091 3652 firma
1108 3591 1140 3652 et
1151 3588 1219 3669 pul-

107 3677 196 3751 chra,
212 3694 270 3740 nec
285 3675 340 3740 diu
354 3693 512 3741 mansura.
527 3678 560 3742 2.
574 3677 737 3758 Diligendi
752 3695 930 3758 mensuram
941 3675 1121 3757 praestituit
1133 3675 1166 3739 in
1179 3695 1217 3741 eo

107 3759 275 3831 charitatis
285 3783 460 3846 sensuque
473 3783 530 3830 nos
541 3767 625 3849 ipsos
636 3766 808 3846 diligimus;
819 3785 883 3830 non
894 3765 1006 3845 magis,
1021 3781 1084 3828 non
1097 3764 1214 3829 minus:

107 3857 188 3919 sicul
199 3856 344 3934 teipsum.
356 3851 389 3917 3.
401 3852 506 3932 Quum
522 3865 667 3920 mensura
679 3859 893 3920 mensuratum
907 3854 1082 3928 antecedat,
1097 3871 1154 3916 nos
1166 3870 1218 3918 ae-

106 3944 196 4025 quali
212 3959 332 4016 amore,
350 3941 403 4005 sed
420 3948 495 4006 aute
509 3948 648 4010 caeteros
663 3944 841 4026 diligemus.
856 3942 934 4023 Quis
945 3944 1030 4007 enim
1041 3942 1218 4024 proximior

104 4033 166 4096 tibi
183 4048 278 4114 quam
293 4035 331 4096 tu
345 4029 428 4113 ipse?
439 4027 473 4095 lc.
489 4031 571 4097 iussi
585 4033 766 4116 proximum
781 4033 914 4114 diligere
926 4033 1052 4097 ratione
1061 4031 1218 4111 proximi-
1322 4067 1330 4084 ι
1369 4063 1371 4070 -

105 4123 190 4199 lctis,
210 4120 275 4200 ipsi
290 4119 506 4202 pmximitatis
521 4120 633 4203 gradus
647 4122 775 4202 signant
790 4122 902 4202 gradm
917 4121 1046 4186 amoris.
1063 4117 1217 4184 Homines

104 4210 204 4285 enim,
214 4213 251 4274 ut
261 4209 376 4282 sidera,
387 4209 431 4272 ita
443 4207 620 4292 dispertivit
629 4210 771 4285 Deus,ut
782 4210 958 4274 minoribus
966 4207 1139 4275 unitatibus
1150 4222 1218 4270 ma·

103 4315 199 4378 gnam
215 4299 410 4362 conficerent
424 4298 593 4363 unitatem.
610 4298 694 4364 llinc
716 4298 868 4376 familiae,
886 4299 1042 4372 civitates,
1059 4295 1167 4378 populi
1183 4312 1219 4359 ac

103 4386 263 4452 nationes.
281 4388 319 4451 lu
332 4385 470 4459 familia,
488 4387 620 4453 maritus
634 4391 667 4452 et
681 4405 774 4465 uxor,
793 4405 873 4468 quae
895 4388 1039 4452 omnium
1053 4384 1155 4467 prima
1171 4388 1220 4448 est

101 4475 288 4540 coniunctio
301 4477 335 4540 et
349 4473 549 4556 proximitas:
566 4476 731 4558 «Propter
742 4474 802 4540 hoc
818 4477 976 4559 relinquet
987 4474 1083 4539 homo
1095 4476 1219 4554 patrem

101 4571 134 4631 et
150 4569 288 4630 matrem
299 4579 400 4640 suam,
414 4566 447 4629 et
460 4563 641 4631 adhaerebit
653 4563 744 4632 uxori
756 4581 830 4630 suae
842 4563 885 4650 8).
903 4587 919 4628 u
934 4561 1054 4712 Βείιιέε
1070 4560 1141 4637 dlii,
1155 4558 1219 4626 ira·
1241 4551 1464 4636 stephanam.

1043 4812 1063 4848 ξ
