3238 5282
387 901 643 1010 LIBER
678 901 1044 1010 TERTIUS.

150 1161 194 1218 un
208 1161 403 1222 saturione
413 1165 556 1224 flotildis
568 1157 854 1238 insacietatem,
866 1161 999 1223 stillula
1011 1161 1091 1222 tutti:
1104 1163 1270 1224 Pottutto.

544 1403 546 1406 .
656 1425 782 1474 m.

527 1649 819 1728 TITULUS
858 1649 886 1724 l.

220 1857 407 1909 soctnrms
423 1857 699 1911 cousuluuuroux
713 1859 787 1908 tuitii
803 1857 978 1908 NATURAE}
990 1861 1100 1912 Rutuli
1116 1865 1204 1918 uallo

470 1949 513 1998 ΕΤ
528 1947 734 1999 CONSPEGTUS
749 1946 947 1998 dandulus.

223 2107 244 2162 l.
263 2107 382 2164 Hominis
395 2108 526 2166 ordinatio
540 2110 673 2167 naturalis
686 2106 721 2165 ad
735 2107 891 2165 societatem
905 2113 933 2165 et
946 2107 1103 2182 imperium.
1119 2111 1153 2166 ll.
1164 2113 1270 2184 imperii

146 2182 278 2240 naturalis
292 2191 320 2240 et
333 2183 425 2240 divina
443 2185 588 2242 institutio:
598 2185 646 2242 lll.
655 2185 764 2256 Obligat
775 2185 800 2241 in
810 2185 867 2241 loro
877 2192 989 2240 externo
999 2191 1082 2256 atque
1096 2188 1212 2245 interno.
1224 2190 1266 2248 lV.

143 2257 211 2313 Tota
225 2257 361 2332 colligitur
374 2261 480 2332 imperii
493 2266 591 2318 natura
604 2267 633 2318 et
647 2265 698 2318 vis.
708 2263 739 2320 V.
748 2262 805 2318 Duo
818 2260 923 2330 imperii
936 2259 1024 2316 cilicia
1039 2276 1073 2317 ex
1088 2262 1208 2322 Platone.
1223 2265 1270 2339 vl,

143 2334 202 2389 lluo
216 2334 282 2390 iuris
295 2337 445 2408 supposita,
456 2343 552 2394 rector
565 2342 594 2393 et
607 2337 786 2395 civitas:duo
800 2335 937 2407 regiminis
949 2333 1096 2410 elementa,
1106 2342 1267 2412 imperium

143 2414 172 2465 et
184 2406 317 2468 libertas.
332 2412 391 2469 llll.
407 2413 480 2488 Ergo
493 2411 537 2472 lex
552 2413 678 2484 princeps
692 2412 755 2469 data
767 2417 882 2484 est,qua
895 2410 942 2466 illa
951 2409 1115 2470 deliciantur
1128 2421 1157 2470 et
1171 2431 1269 2473 conso·

144 2485 264 2541 cientur.
278 2486 352 2544 lllll.
366 2488 504 2546 Naturalis
518 2502 614 2558 nempe
628 2495 655 2544 et
668 2488 767 2546 divina.
782 2486 828 2543 ix.
838 2485 923 2543 liuius
938 2483 1016 2559 legis,
1033 2487 1074 2543 vel
1087 2487 1212 2557 politicae
1226 2491 1269 2547 iu·

146 2561 235 2618 stitine
254 2563 435 2633 exercendae,
451 2565 563 2634 incapax
578 2562 731 2622 multitudo.
748 2563 783 2619 ll.
799 2562 938 2621 Gerendae
952 2564 990 2619 rel
1005 2562 1130 2634 publicae
1145 2565 1266 2636 pruden-

141 2636 181 2692 'tia
195 2642 222 2693 et
235 2636 394 2696 difficultas.
411 2641 458 2697 xl.
473 2638 637 2698 llultitudini
652 2636 812 2697 naturaliter
824 2639 927 2696 eminet
941 2640 1034 2707 purior
1054 2638 1166 2712 quidam
1181 2658 1269 2714 popu·

144 2711 198 2785 lus,
214 2713 313 2785 populo
326 2717 484 2787 optimates.
500 2715 561 2772 llll.
577 2717 697 2787 [lapaces
712 2715 888 2787 perpauntet
900 2714 1117 2787 qui.lllll.'lrcs
1130 2719 1268 2788 regiminis

144 2788 256 2845 lormae:
273 2805 326 2847 000
341 2791 471 2850 naturalis
484 2789 631 2850 dominatio
642 2790 793 2865 popularis.
803 2791 973 2862 lllV.Neque
983 2791 1192 2862 possibilisxv.
1203 2794 1271 2851 orn-

143 2863 225 2920 uinus
235 2869 386 2928 communis
395 2865 600 2927 absolutismus:
611 2869 639 2924 in
650 2865 750 2940 populo
759 2866 912 2938 promptior
921 2870 949 2921 et
959 2867 1064 2924 saevior
1073 2867 1266 2938 despotismus.

145 2939 215 2998 lllll.
235 2942 274 2998 lie
288 2944 366 3000 horno
378 2944 406 3001 in
419 2945 556 3003 hominem
575 2943 742 3011 dominetur,
758 2943 858 2999 iustitia
877 2946 987 3000 aeterna
1001 2942 1154 3000 adhibenda
1167 2951 1221 3016 est,
1241 2952 1270 3002 et

144 3015 247 3086 duplex
260 3019 413 3090 imperium:
433 3021 574 3078 Caesaris
586 3025 614 3077 et
628 3023 693 3076 Dei.
711 3019 794 3077 xvii.
809 3018 924 3076 Unicum
937 3019 1060 3088 gentium
1075 3018 1206 3090 tribunal,
1224 3019 1267 3076 lex

146 3092 279 3150 naturalis
291 3101 320 3152 et
333 3095 435 3154 divina.
446 3095 543 3156 xviii.
554 3095 695 3153 llictorum
710 3109 816 3152 summa
829 3099 856 3152 et
868 3091 1010 3151 connexio.
1023 3094 1095 3151 xix.
1108 3096 1229 3166 Societas
1240 3103 1267 3152 et

69 3223 70 3226 ,
146 3169 260 3238 imperia
274 3176 333 3228 orta
346 3187 362 3228 a
375 3179 486 3247 natura,
501 3177 565 3230 ante
578 3178 671 3243 pacta.

233 3336 261 3400 l.
279 3337 451 3405 Hominem
466 3340 507 3404 ad
522 3340 675 3404 moralem
687 3343 719 3404 et
735 3335 901 3422 physicum
916 3351 1024 3400 rerum
1040 3334 1185 3400 ordinem
1202 3334 1268 3402 iam

145 3424 343 3504 institutum,
365 3427 405 3492 ad
422 3423 588 3510 politicam
608 3428 736 3493 demum
752 3427 936 3492 societatem
952 3441 1192 3506 componamus:
1213 3442 1269 3491 cu·

141 3514 192 3594 ius
208 3514 282 3580 finis
296 3521 356 3592 cst,
374 3517 574 3598 singidonum
590 3517 756 3584 facultates
771 3515 906 3582 minime
926 3513 1126 3596 extinguere,
1144 3515 1198 3580 sed
1213 3515 1268 3580 be·
1326 3585 1332 3598 ,

144 3603 393 3672 ucliceutissimo
409 3606 551 3674 civitatis
567 3608 636 3672 iure
652 3607 737 3674 tueri
753 3624 790 3672 ac
802 3605 966 3687 perficere.
977 3604 1214 3687 lure,inquam,
1224 3604 1268 3668 si·

144 3712 182 3759 re
193 3694 389 3777 amplissima
404 3695 460 3761 illa
478 3701 610 3764 naturae
626 3696 674 3761 rel
690 3695 826 3762 rationis
841 3692 1057 3771 ordinatione,
1080 3710 1153 3776 qua,
1171 3693 1266 3758 sicuti

144 3801 195 3848 res
208 3789 334 3850 ceterae
348 3803 404 3850 sua
419 3803 561 3868 quaeque
578 3786 659 3867 lege,
676 3785 724 3853 ita
740 3783 910 3851 rationales
926 3786 1103 3862 creaturae,
1120 3801 1178 3866 per
1193 3782 1268 3849 visi-

144 3873 427 3960 bilemquamdam
438 3880 472 3941 et
486 3876 666 3958 loquentem,
676 3875 843 3948 iustitiam,
861 3872 998 3939 invicem
1015 3871 1049 3936 10
1065 3871 1180 3940 morali
1196 3889 1267 3937 cor-

143 3981 223 4045 pore
238 3966 271 4029 et
288 3964 427 4030 maxima
448 3965 587 4030 fratrum
602 3964 725 4030 tamilla
745 3961 968 4034 adsciscuntut
980 3966 1014 4027 et
1029 3961 1263 4028 consociantur.

143 4054 290 4138 Loquens
307 4053 362 4117 illa
378 4055 429 4118 lex
448 4055 496 4119 vel
517 4053 641 4120 iustitia
656 4049 704 4120 est
719 4052 907 4137 Imperium,
924 4051 965 4115 ad
981 4052 1065 4134 quud
1082 4056 1194 4116 natura
1210 4069 1267 4115 nos

142 4143 325 4220 constituit,
343 4160 423 4226 quae
438 4143 603 4209 sociabiles
613 4142 704 4210 lecit:
718 4148 755 4208 ut
766 4159 825 4220 nec
836 4141 942 4206 media
953 4140 1110 4215 deessent,
1125 4139 1267 4204 0101000-

142 4235 195 4297 rat
209 4232 296 4313 linis,
315 4236 411 4315 utque
427 4234 592 4300 conditum
608 4249 626 4296 a
642 4249 676 4298 sc
692 4229 884 4305 aedificium,
903 4232 1015 4295 natura
1035 4229 1103 4312 ipsa
1119 4245 1184 4292 000
1198 4228 1267 4292 sine

142 4321 274 4404 fastigio
298 4321 508 4404 relinqueret.
527 4322 620 4404 Quod
636 4323 762 4404 optime
785 4322 983 4404 expresserat
998 4315 1122 4384 Cicero:
1141 4314 1266 4384 «Nihil

142 4410 451 4494 porro,inquit‚tam
460 4416 571 4498 aptum
578 4416 627 4478 est
635 4411 675 4478 ad
687 4411 736 4478 ius
744 4410 1025 4493 conditionemque
1032 4412 1163 4489 naturae
1172 4401 1267 4487 (quod

142 4500 220 4565 dum
235 4500 320 4577 dico,
339 4501 441 4582 legem
456 4521 476 4568 a
491 4521 543 4570 me
557 4502 635 4578 dici,
647 4500 787 4584 intelligi
802 4498 897 4582 volu),
914 4515 1009 4582 quarn
1021 4493 1209 4577 imperium:
1223 4495 1268 4559 si-

142 4609 183 4655 nc
196 4609 259 4676 quo
272 4609 330 4657 nec
344 4591 454 4658 domus
470 4593 546 4672 ulle,
564 4611 621 4660 nec
633 4590 829 4668 ciritas‚·ncc
844 4608 931 4672 gens,
947 4603 1005 4652 nec
1017 4583 1184 4650 hominum
1195 4584 1266 4648 uni-
