3238 5282
618 304 753 356 strutus
769 306 792 353 r.
1148 281 1212 350 231

137 445 355 523 conferantur,
374 466 439 514 non
455 466 568 532 pamm
583 450 681 516 alieni
695 451 774 517 iuris
786 450 1013 524 ministerium,
1028 449 1082 513 sed
1095 448 1261 530 proprium

137 535 298 617 quoddam
313 537 376 612 ins,
393 555 452 603 nec
467 537 675 604 universalem
691 559 800 605 rerum
816 541 1006 623 gestionem,
1024 538 1106 621 quod
1121 537 1263 602 socialis-

138 625 186 688 mi
195 625 325 690 haberet
337 626 523 708 imaginem,
534 629 589 694 sed
598 630 825 713 imperantium
836 630 939 696 officia
951 628 1087 694 etfinem
1096 626 1259 698 exhibent,

137 731 201 797 qua
212 711 353 778 dicemus
369 716 492 782 ratione
507 713 560 802 tr).

231 802 290 869 Vl.
308 802 378 876 Duo
395 821 472 886 ergo
487 805 521 868 in
534 806 664 887 politica
679 807 828 872 societate
843 811 917 872 sunt
929 806 1007 870 iuris
1018 802 1191 888 supposita:
1203 800 1263 866 Re·

141 899 221 966 ator,
233 891 347 966 deinde
362 894 499 976 regenda
515 894 582 978 ipsa
596 894 871 980 Civitas,quorum
883 913 981 960 unum
996 895 1067 958 sine
1079 893 1179 957 altero
1195 909 1262 956 esse

140 980 276 1044 minime
290 988 409 1063 posset.
424 982 478 1050 lili
493 983 542 1047 ius
557 984 738 1068 imperandi
749 986 902 1067 estquod
913 987 962 1050 ius
973 984 1152 1066 generatim
1170 984 1263 1044 natu-

139 1086 176 1134 ra
192 1070 258 1152 ipsa
274 1071 456 1146 constituit,
472 1073 694 1139 universorum
711 1074 856 1140 ordinem
871 1075 1054 1148 instituens;
1072 1069 1202 1137 Civitati
1214 1069 1264 1132 ius

141 1166 204 1232 est,
215 1176 279 1222 non
294 1165 331 1225 ut
346 1162 568 1244 quoquomodo
581 1163 790 1244 possideatur,
798 1163 851 1228 sed
866 1164 906 1228 ad
918 1178 1123 1228 communem
1135 1159 1264 1223 ordine-

140 1251 196 1313 tur
212 1249 405 1328 aequitatem
420 1253 453 1314 et
468 1250 665 1326 utilitatem,
678 1256 715 1316 ut
730 1270 792 1317 una
803 1253 893 1324 inter
909 1269 1019 1316 omnes
1034 1251 1164 1314 societas
1180 1247 1263 1310 iuris

143 1341 322 1401 enascatur.
340 1338 426 1420 Ergo
443 1337 517 1403 dum
531 1340 569 1405 tit
583 1342 718 1406 societas
730 1342 808 1406 iuris
823 1345 857 1406 et
872 1341 1003 1414 virium,
1021 1357 1086 1403 non
1103 1343 1209 1403 tamen
1225 1334 1264 1401 fit
1355 1358 1361 1374 ·

141 1425 289 1492 contusio
303 1425 492 1508 imperantis
502 1446 574 1492 cum
589 1431 732 1504 civitate,
745 1436 782 1496 ut
793 1449 833 1496 ex
848 1430 998 1495 ambobus
1014 1427 1103 1511 quasi
1115 1443 1177 1490 una
1190 1441 1264 1506 per-

144 1530 223 1578 sona
239 1519 273 1578 et
288 1513 336 1578 ius
351 1516 576 1583 constituatur.
596 1519 634 1583 ln
650 1537 848 1604 quocumque
863 1518 949 1583 enim
963 1517 1088 1590 ordine,
1106 1514 1193 1579 entia
1209 1531 1265 1576 en-

146 1603 246 1678 tibus,
264 1603 333 1668 iura
349 1605 480 1679 iuribus,
500 1624 655 1688 personae
671 1609 816 1690 personis
835 1609 1038 1689 copulantur,
1058 1622 1122 1669 non
1145 1600 1266 1684 permi-

145 1697 289 1760 scentur.
306 1695 344 1757 in
357 1693 538 1766 hominibus
553 1697 654 1778 igitur
669 1702 720 1762 est
731 1697 808 1780 quid
822 1713 988 1763 commune
1003 1699 1042 1760 et.
1058 1693 1163 1764 civile,
1181 1688 1265 1774 quod

146 1780 457 1847 eiusdemsocietatis
468 1785 638 1869 participes
652 1791 719 1852 tuna
725 1786 786 1850 sibi
798 1787 936 1852 invicem
942 1788 1108 1868 praestare
1116 1780 1263 1854 debeant,

143 1873 213 1934 tum
228 1871 349 1935 rectori
363 1871 495 1953 politico
507 1879 670 1958 tamquam
684 1875 796 1958 capiti;
808 1874 870 1939 alia
885 1892 970 1948 vero,
984 1888 1148 1955 quaecum
1162 1867 1267 1951 pubii-

141 1975 214 2022 cam
230 1977 296 2023 non
312 1961 450 2026 afficiant
465 1963 715 2051 ordinationem,
734 1966 767 2029 in
780 1964 977 2046 singulorum
990 1963 1157 2035 remanent
1171 1957 1267 2020 iiber-

143 2052 224 2112 tate.
236 2047 313 2112 ¹Duo
329 2049 438 2131 itaque
453 2051 604 2117 distincta
620 2053 776 2119 habentur
787 2052 958 2135 regiminis
980 2050 1151 2114 elementa:
1168 2046 1268 2125 impe·

143 2137 243 2213 mum,
263 2137 401 2206 tibertus.
419 2139 508 2218 Quae
522 2132 570 2205 sui
582 2141 661 2207 iuris
676 2149 761 2217 sunt,
778 2143 886 2226 sicque
901 2141 1133 2223 temperantur,
1148 2152 1188 2198 ne
1199 2133 1267 2197 sola

141 2227 438 2301 auctoritas‚omnia
447 2247 608 2308 coercens,
618 2233 820 2314 tyrannidem
829 2230 969 2304 invehat,
979 2228 1097 2294 civium
1108 2225 1184 2290 inse
1196 2240 1268 2305 per·

143 2331 237 2379 sonas
243 2319 276 2379 et
286 2316 356 2379 iura
368 2317 477 2382 omnia
489 2319 669 2394 absumens;
681 2339 758 2386 neve
768 2321 910 2394 libertas,
923 2319 1014 2383 freno
1022 2315 1137 2388 soluta,
1153 2329 1268 2376 acom-

144 2403 236 2468 muni
249 2406 312 2469 fine
324 2410 498 2482 avertatur,
513 2412 607 2490 atque
619 2408 652 2473 in
666 2408 830 2474 iicentiam
842 2412 986 2490 proruat.
996 2405 1067 2486 Quo
1079 2407 1186 2468 autem
1197 2416 1268 2463 mo-

143 2493 188 2558 do
204 2493 414 2574 imperantem
430 2501 463 2561 et
479 2497 573 2571 cives,
588 2501 658 2562 tum
674 2498 810 2579 denique
825 2497 909 2564 cives
924 2497 1009 2562 inter
1019 2513 1065 2570 se,
1079 2492 1209 2557 libertas
1220 2487 1268 2553 ai-

144 2581 234 2647 iiciat
249 2599 285 2646 ao
301 2587 441 2657 tueatur,
460 2585 537 2650 alibi
550 2583 838 2669 declaravimusi).
1312 2592 1335 2666 1)
1350 2593 1408 2651 Lib.
1429 2595 1451 2658 1,
1472 2595 1515 2651 sta.

234 2671 310 2736 vit.
330 2672 370 2737 Si
382 2672 553 2755 imperium
569 2675 617 2740 ius
629 2680 676 2741 est
691 2693 840 2759 personas
852 2675 991 2758 regendi,
1006 2689 1069 2737 non
1081 2687 1155 2736 vero
1164 2667 1268 2750 possi·
1286 2671 1318 2745 t,
1330 2675 1356 2735 t·
1373 2671 1420 2744 xi,
1435 2671 1495 2726 itti.

143 2761 253 2838 doadi·
264 2760 391 2836 deinde,
403 2761 430 2825 si
446 2762 508 2827 duo
524 2769 597 2830 sunt
613 2764 692 2829 iuris
709 2764 874 2847 supposita
890 2772 992 2828 rector
1007 2766 1040 2826 et
1054 2760 1176 2830 civitas,
1186 2756 1269 2822 unde

146 2849 205 2914 fiat
220 2850 388 2930 imperium
403 2855 436 2916 et
451 2852 590 2927 tiberias:
599 2871 710 2918 norma
726 2870 851 2936 quoque
864 2853 1044 2927 essedebet,
1055 2851 1270 2915 velsummum

147 2940 212 3014 ius,
231 2939 280 3003 vei
297 2939 438 3023 aequitas
453 2941 598 3023 imperiis
613 2943 768 3008 universis
790 2941 935 3024 superior
950 2946 1043 3024 atque
1057 2936 1268 3021 praesistens,

149 3045 213 3111 qua
226 3032 296 3092 tum
307 3028 498 3110 imperandi,
508 3035 576 3096 tum
587 3032 780 3113 obsequendi
792 3033 870 3097 tines
881 3030 1111 3095 describantur.
1121 3023 1191 3104 Quo
1200 3040 1271 3087 sen-

161 3297 164 3304 ,
225 3243 265 3319 tc)
280 3247 317 3302 ds
332 3246 435 3318 imperii
447 3252 531 3321 atque
543 3246 704 3320 imperantis
716 3247 769 3304 fine
785 3244 985 3319 sapientissime
1001 3241 1146 3302 Gerdilius:
1166 3264 1178 3295 ι
1194 3241 1271 3300 chri·
1360 3269 1363 3274 ·

148 3319 237 3378 stiana
257 3321 400 3393 disciplina
415 3339 524 3380 omnem
537 3340 587 3382 nos
602 3324 729 3381 iustitiam
743 3323 832 3382 docet.
848 3324 905 3380 Hac
919 3326 1047 3378 tenentur
1063 3333 1207 3389 supremae
1222 3333 1272 3390 po·

148 3403 440 3469 testates‚omnessuas
455 3414 536 3456 curas
545 3405 574 3456 et
585 3399 762 3472 cogitationes
773 3401 801 3457 in
811 3397 912 3455 bonurn
922 3397 1038 3454 civitatis
1049 3394 1273 3468 conterrerquip·

149 3487 185 3544 pa
199 3477 333 3530 ministri
341 3477 396 3529 Det
409 3479 479 3531 suat
491 3479 523 3532 tn
537 3475 654 3540 bonurn,
664 3477 690 3532 in
706 3473 732 3531 id
747 3474 897 3542 constituti,
906 3479 937 3530 ut
951 3488 1000 3544 per
1014 3471 1121 3528 laudem
1137 3469 1272 3528 bonorum

148 3556 179 3606 et
193 3548 339 3605 vindictam
358 3548 506 3623 maiorum,
523 3551 626 3608 iustitia
638 3557 666 3608 et
682 3565 746 3623 pax,
767 3563 917 3622 omnesque
932 3547 1018 3605 bonae
1037 3553 1112 3603 artas
1125 3547 1153 3602 in
1167 3547 1272 3604 civitate

148 3625 259 3697 vigeant
271 3631 300 3683 et
313 3623 496 3696 efflorescere
505 3640 651 3698 omnesque
665 3627 747 3697 aives,
762 3624 901 3682 ordinatae
913 3623 1072 3681 concordiae
1089 3620 1197 3678 vinonio
1207 3636 1274 3677 con·

149 3699 256 3771 sociati,
278 3700 397 3772 quietam
413 3707 441 3758 et
459 3701 634 3774 tranquillam
655 3702 735 3756 vitam
747 3707 831 3773 agant
845 3716 908 3757 cum
922 3700 1066 3756 honestate
1087 3698 1271 3754 coniunctam.

149 3779 207 3834 Nec
221 3775 291 3832 enim
301 3776 373 3834 Deus
387 3775 503 3848 populos
517 3777 624 3834 creavit
638 3784 751 3847 propter
765 3791 886 3833 summos
899 3777 1079 3845 imperantes,
1089 3770 1138 3828 sed
1152 3787 1274 3829 summos

150 3854 320 3923 imperantes
335 3859 445 3922 pmpter
460 3851 625 3922 populorum
639 3853 739 3909 bonum
753 3867 815 3908 esse
830 3851 927 3907 votuit:
939 3850 978 3906 itti
991 3864 1058 3920 ergo
1072 3847 1193 3904 divinam
1208 3862 1274 3918 pro-

150 3927 300 3984 videntiam
315 3927 340 3984 iu
355 3926 437 3983 rebus
452 3926 578 3985 humanis
592 3927 725 3999 referunt,
739 3941 772 3982 ac
788 3931 1009 3998 repraesentant,
1023 3931 1224 3996 proptereaque
1233 3923 1274 3979 nti

151 4008 286 4061 vocantur
304 4004 330 4058 in
351 4004 436 4059 sacris
456 4003 566 4061 litteris.
588 4003 636 4059 Cui
659 4003 852 4074 augustissimo
867 4002 968 4058 nomini
986 4016 1019 4056 ao
1040 4001 1147 4056 muneri
1168 3997 1275 4055 satista-

150 4094 216 4136 cere
231 4092 285 4134 non
298 4081 424 4150 possunt,
433 4078 484 4134 nisi
497 4092 567 4151 quae
581 4076 698 4135 divinam
712 4079 910 4148 providentiam
925 4077 951 4134 in
967 4075 1085 4133 universi
1098 4072 1275 4147 gubernatio·

148 4170 187 4212 ne·
202 4154 379 4223 comitantur,
400 4155 573 4227 sapientiam,
595 4154 735 4222 iustitiam,
751 4154 900 4212 bonitatem
915 4160 942 4210 et
961 4151 1138 4210 elementiam
1160 4150 1211 4221 ipsi
1227 4163 1276 4219 pro

150 4229 252 4285 viribus
266 4228 292 4284 in
306 4229 412 4285 civitate
432 4228 646 4287 administranda
666 4230 762 4286 imitari
782 4229 922 4299 studeant,
944 4241 1028 4299 seque
1048 4225 1210 4298 popoiorum
1224 4238 1273 4293 pa·

150 4315 210 4362 tres
223 4310 252 4360 et
265 4319 325 4360 esse
339 4311 367 4360 et
379 4304 466 4362 audiri
481 4306 591 4363 omnino
608 4305 703 4376 retine
719 4320 832 4378 eamque
846 4319 928 4363 unam
942 4310 970 4360 et
987 4317 1080 4360 veram
1095 4315 1157 4358 esse
1171 4299 1275 4355 Princi-

150 4382 203 4452 piis
217 4379 332 4451 gloriam
347 4381 532 4455 meminerint,
545 4383 567 4438 si
581 4397 650 4454 quor
662 4382 732 4438 Deus
745 4381 865 4438 immines
878 4381 943 4451 ipsis
959 4378 1111 4435 vetutsuae
1126 4373 1275 4445 providen-

150 4460 205 4514 tiae
219 4453 384 4528 administris
399 4456 525 4527 eredidit,
544 4471 592 4514 eos
607 4462 721 4526 paterno
734 4455 832 4513 aiiectu
846 4454 1067 4526 complectantur
1082 4465 1117 4510 ao
1133 4454 1241 4523 regant.
1260 4471 1271 4500 ι

152 4534 279 4606 (Genera,
298 4535 461 4590 Nannenus
475 4531 638 4607 apostoles,
652 4547 678 4603 p.
696 4533 743 4588 26.
757 4532 855 4602 Rome,
873 4529 968 4602 1852).
