3222 5282
338 882 455 1004 trus
478 781 683 1003 tratum
707 882 766 1004 m
789 880 991 1003 enirm

123 1180 560 1314 nnrvnur
622 1181 737 1288 rar
799 1174 1203 1286 nuunrcr

480 1442 848 1534 FUNDAMENTA.

583 1701 763 1728 -ι-...υ-ι

412 1929 927 2022 rtrutusrnirurumms.

233 2127 401 2186 Ol’lilils
438 2123 736 2182 CONSPECTUS
774 2122 828 2180 ΕΤ
868 2122 1102 2180 Psurtrro.

183 2335 206 2390 l.
223 2334 281 2402 Quo
295 2333 452 2400 praesentes
467 2329 557 2382 motus
570 2325 693 2398 gentium
707 2332 844 2397 spectent.
868 2327 902 2383 ll.
921 2325 1055 2384 scientiae
1067 2328 1136 2388 iuris
1150 2341 1230 2388 uatu-

109 2421 154 2468 rae
164 2415 194 2467 et
204 2407 326 2482 gentium
340 2401 529 2473 novantibus,
542 2416 575 2457 ao
585 2403 746 2458 necessitas.
762 2402 811 2458 lll.
823 2403 901 2459 llotio
913 2401 989 2473 iuria,
998 2406 1169 2471 nominalis,
1181 2409 1230 2464 ab·

108 2487 217 2544 lectica
227 2490 255 2539 et
265 2482 434 2539 subiectioa.
448 2478 490 2535 tv.
504 2477 549 2531 lus
559 2482 684 2534 naturae.
697 2478 728 2535 V.
741 2477 810 2533 luris
821 2484 937 2535 naturae
947 2477 1107 2548 amplitudo.
1124 2483 1170 2539 lll.
1185 2484 1230 2540 lu·

109 2562 270 2631 rescripta,
291 2563 356 2612 sunt
368 2555 466 2626 partim
481 2550 623 2622 naturalia,
636 2561 674 2609 -et
687 2553 788 2624 parlim
801 2552 896 2611 libera.
920 2551 980 2610 llll.
1006 2554 1109 2613 lunium
1122 2557 1227 2616 divisio.

109 2637 179 2695 Vlll.
197 2634 269 2692 luris
282 2629 382 2704 publici
395 2628 567 2687 excelientia.
585 2627 632 2686 lx.
648 2629 715 2687 Eius
727 2627 853 2688 tradendi
868 2627 947 2685 ratio.
962 2627 997 2683 ll.
1013 2631 1177 2690 Pandsndua
1189 2634 1230 2690 iu·

112 2713 198 2769 stiriae
208 2711 281 2766 lons.
297 2708 344 2765 xl.
355 2706 475 2762 Hominis
485 2702 586 2772 triplex
596 2705 700 2762 relatio:
714 2704 750 2762 ad
760 2704 900 2770 moralia,
914 2702 950 2762 ad
959 2706 1120 2773 sensibilia,
1136 2707 1170 2765 ad
1178 2726 1233 2782 po·

111 2787 232 2844 litieam
244 2788 425 2842 societatem.
439 2780 500 2838 llll.
514 2780 584 2836 ilinc
597 2779 697 2852 triplex
711 2780 881 2838 tractationis
896 2794 971 2855 pars,
981 2788 1010 2838 οῖ
1024 2782 1122 2840 larium
1135 2783 1233 2841 lunda·

113 2868 246 2919 mentum.
262 2860 336 2917 lllll.
352 2857 484 2914 scientiae
498 2856 564 2912 iuris
578 2864 693 2912 naturas
706 2861 734 2913 et
747 2856 869 2930 gentium
883 2856 966 2929 notio,
980 2862 1009 2913 et
1021 2855 1153 2916 definitio.
1162 2859 1231 2916 llll.

113 2938 157 2994 bei
171 2936 318 2993 existentia
332 2941 360 2991 et
373 2933 526 2989 animarum
541 2931 741 3000 immortalitas,
759 2940 822 2988 ante
835 2932 925 2988 omnia
939 2933 1161 3003 praestatuenda.
1177 2935 1233 2993 xv.

116 3015 227 3086 integer
242 3018 353 3067 naturae
366 3012 515 3066 cursusest
527 3006 801 3078 comprehendendus
815 3007 895 3065 .lllll.
905 3007 1004 3064 Nostra
1016 3023 1105 3082 meas,
1115 3025 1235 3082 novaque

115 3089 142 3144 in
155 3089 197 3144 ins
210 3093 327 3144 naturae
340 3090 369 3142 et
381 3084 503 3157 gentium
517 3081 756 3154 diligentiallllll.
771 3083 904 3140 ductores
918 3087 983 3140 sunt
996 3083 1166 3158 consciendi,
1186 3085 1236 3141 sed
1337 3137 1340 3142 .

116 3163 362 3235 uicesimarium,
377 3159 690 3233 eiusqueauetorltaus.
962 3158 966 3165 '

205 3329 235 3394 1.
248 3329 370 3401 Motus,
387 3324 443 3406 qui
454 3339 537 3388 nunc
548 3327 657 3405 gentes
668 3319 840 3387 universim
851 3321 1008 3403 ,exagitab
1024 3340 1169 3406 suprema
1182 3341 1237 3388 na·

117 3415 380 3483 turaeetsoeialis
390 3415 474 3480 vitae
485 3411 642 3477 elementa
653 3410 914 3477 scrutaturz'unde
926 3410 983 3475 alii
993 3411 1097 3478 denuo
1110 3429 1237 3478 auream

116 3511 254 3572 aemtem
270 3507 448 3588 expectem,
466 3500 523 3566 alii
538 3501 699 3566 societatis
714 3500 816 3566 iermc
831 3499 1070 3567 dissolutionem
1087 3503 1238 3584 pertime-

115 3600 219 3661 scunt.
238 3594 343 3664 Nimis
357 3592 393 3658 bi
406 3596 502 3674 atque
517 3589 578 3654 illi:
596 3590 747 3671 quoniam
764 3609 782 3648 u
796 3605 854 3653 nec
870 3590 1008 3655 laetatur
1019 3591 1103 3656 Deus
1119 3592 1152 3654 in
1168 3609 1240 3672 per·

116 3685 241 3749 ditione
254 3679 537 3749 rivorumtereavit
547 3679 634 3744 enim
647 3684 682 3745 ut
695 3682 799 3745 essent
809 3675 930 3756 omnia,
941 3683 974 3744 et
986 3695 1168 3758 annuamus
1181 3697 1250 3746 aa·

116 3790 167 3838 cm
182 3789 350 3840 marrones
365 3785 457 3837 oonts
471 3785 646 3834 mansuum
665 3767 705 3852 t).
725 3790 744 3832 u
975 3791 977 3794 ·
1303 3749 1325 3823 t)
1352 3754 1424 3828 sup.
1452 3749 1463 3806 ¹
1477 3793 1484 3823 s

182 3859 479 3940 ll.Scientia‚quae
487 3856 805 3924 ardentissimaehuic
814 3855 1024 3936 disputationi
1033 3857 1138 3922 lumen
1148 3874 1241 3939 prae·
1264 3827 1308 3905 ¹³¹
1328 3827 1371 3882 Μ’

118 3949 191 4024 ieri,
210 3967 344 4032 eamque
359 3948 553 4020 moderatur,
571 3948 708 4012 rastede
724 3943 801 4012 Iure
816 3943 961 4010 Naturae
975 3954 1003 4010 et
1023 3941 1172 4011 dentiam
1187 3947 1240 4012 in-

117 4039 279 4104 scribitur.
291 4037 392 4118 Quae,
402 4037 429 4101 si
440 4033 661 4108 aliasutiliter,
672 4053 754 4100 nune
764 4034 942 4100 necessario
954 4036 1124 4100 evolvenda
1135 4039 1197 4112 est,
1207 4041 1241 4101 et

118 4144 152 4190 ea
172 4127 302 4210 quidem
314 4126 453 4203 ratione,
467 4139 547 4206 quae
559 4123 677 4187 nostris
689 4123 887 4206 temporibus
897 4128 1065 4206 congruat,
1082 4143 1123 4190 ne
1141 4125 1242 4194 electa

118 4215 278 4291 luventas,
291 4215 416 4298 patriae
431 4231 515 4294 spes,
528 4211 622 4276 decus
636 4217 670 4276 ct
686 4212 936 4290 firmamentum,
951 4213 991 4278 ad
1003 4215 1160 4296 ampliora
1175 4219 1241 4282 stu-

117 4303 180 4380 dia,
195 4310 229 4370 et
243 4304 369 4387 publica
383 4319 514 4368 munera
525 4300 742 4384 periungenda
757 4302 915 4383 imparata
930 4302 1070 4381 accedat;
1084 4321 1177 4379 neve,
1193 4305 1244 4368 in-

118 4397 168 4457 ter
181 4399 233 4460 tot
244 4393 432 4476 opinionum
446 4390 617 4466 dissidiae
632 4396 719 4457 reeta
733 4391 784 4456 via
798 4408 831 4455 se
843 4391 948 4473 abripi
959 4392 1056 4458 sinat.
1072 4392 1170 4475 Urget
1186 4410 1244 4458 nos

118 4499 243 4564 quoque
257 4483 323 4565 ipsa
339 4499 390 4546 res
405 4481 521 4563 ubique
536 4479 693 4545 salebrosa
708 4484 741 4545 et
757 4479 965 4561 amplissima,
974 4481 1125 4547 hactenus
1139 4484 1192 4547 vix
1207 4499 1243 4544 ac

58 4612 69 4622 s
121 4587 159 4634 nc
174 4573 227 4636 rix
242 4571 370 4654 quidem
387 4587 405 4634 a
422 4569 635 4636 fundamentis
647 4569 758 4634 stricte
777 4587 904 4634 excussa
925 4571 973 4636 rel
985 4571 1153 4719 pelrpolita
1171 4571 1244 4634 licet
