3222 5282
1119 308 1167 358 vll

77 463 256 547 satagebat,
275 460 484 545 imperiorum
501 458 595 524 simul
612 461 645 524 et
661 453 805 540 gentium
816 455 934 522 sanitas
948 459 981 522 et
996 453 1131 522 felicitas
1141 471 1214 538 evas

77 570 264 637 noscebant.

176 672 301 756 Duplex
317 669 494 736 remedium
511 669 579 751 ipsa
595 666 705 734 suadet
716 665 793 732 mali
807 664 960 732 conditio:
977 664 1056 730 iuris
1072 663 1111 730 ad
1122 673 1217 743 nqtu·

79 795 160 843 rum
175 782 271 861 atque
287 774 326 841 ad
345 774 447 840 Deum
461 773 640 840 conversio.
658 772 708 838 nd
725 776 883 848 naturam,
900 769 982 836 dixi.
999 771 1096 847 Nam,
1113 771 1218 836 mino-

79 900 137 946 res
154 887 241 956 sunt,
259 880 366 946 Tullio
381 878 666 953 animadvertente,
684 877 825 942 forenses
835 875 1077 960 disputationes,
1092 875 1220 959 alioque

80 987 120 1049 in
137 1001 254 1067 genere
270 969 446 1050 versantur.
472 983 533 1050 Sed
549 999 653 1066 neque
678 980 932 1064 publicistarum,
950 980 1020 1063 qui,
1035 985 1143 1065 spreto
1158 982 1220 1045 im-

82 1089 254 1171 periorum
271 1086 493 1162 fundamento,
512 1087 625 1152 lormis
640 1086 784 1168 politicis
799 1086 892 1151 unice
906 1085 1022 1160 lidunt,
1040 1086 1087 1150 vel
1103 1085 1220 1152 intem·

82 1197 242 1274 peranter
257 1191 297 1255 ad
313 1191 491 1256 materialia
507 1194 747 1264 convertuntur,
762 1190 931 1273 quidquam
944 1177 1217 1282 proticictoratio.

81 1296 293 1362 Penitissima
301 1295 402 1376 igitur
410 1296 551 1363 Naturae
560 1294 770 1378 perquirenda
782 1300 855 1361 sunt
863 1290 1001 1371 oracula,
1015 1295 1220 1378 qurunaPla·

79 1408 161 1466 tone
181 1404 214 1466 et
229 1397 382 1465 Cicerone
398 1399 563 1474 traditum,
581 1400 771 1481 lirmumque
787 1399 956 1464 habeamus
973 1420 990 1460 a
1009 1399 1096 1464 nullo
1114 1400 1149 1464 in
1165 1417 1220 1482 ge·

84 1523 168 1570 nere
182 1503 364 1587 disputandi
380 1504 481 1587 magis
496 1503 629 1569 honeste
651 1503 807 1588 patelieri,
825 1503 901 1587 quid
915 1504 959 1568 sit
977 1504 1102 1568 homini
1116 1505 1221 1570 tribu·

85 1616 157 1675 tum
171 1613 297 1682 naturu;
311 1613 464 1690 quantam
479 1607 544 1674 vim
560 1625 667 1674 rerum
681 1607 875 1690 optimarum
891 1624 980 1673 mens
995 1607 1131 1673 humana
1144 1626 1221 1674 con·

85 1713 209 1790 tineat3
226 1713 315 1778 cuius
330 1712 473 1777 muneris
488 1711 615 1778 colendi
631 1712 850 1804 adiciendique
872 1729 966 1777 eausa
986 1712 1056 1779 nati
1073 1713 1157 1778 etin
1174 1712 1223 1776 lu·

85 1834 160 1882 cem
176 1817 252 1883 editi
275 1816 386 1891 simus3
409 1817 549 1901 quaesit
565 1816 748 1882 coniunctio
771 1816 952 1893 hominum,
971 1835 1052 1901 quae
1068 1817 1222 1882 naturalis

86 1920 226 1988 societas
242 1923 329 1986 inter
351 1920 448 2004 ipsos.
465 1921 524 1988 llis
539 1922 627 1986 enim
643 1920 826 2003 explicatis,
852 1939 938 1988 runs
952 1934 1065 1990 assum
1082 1939 1125 1986 nr
1140 1937 1223 1988 runis

87 2041 242 2091 mvnnrm
258 2041 382 2091 vorusr
396 2024 438 2109 1).
450 2048 467 2088 n
481 2026 554 2094 Non
570 2043 658 2108 ergo,
678 2033 714 2092 ut
729 2025 839 2091 statim
854 2027 974 2108 regerit
990 2026 1118 2093 Atticus
1133 2024 1223 2092 Cice·
1246 2034 1466 2112 melcoma..

88 2129 178 2206 roni,
197 2147 216 2194 a
233 2131 390 2212 praetoris
405 2130 523 2208 edicto,
541 2131 588 2197 vel
600 2149 618 2196 a
630 2131 694 2197 llll
706 2131 832 2210 tabulis,
843 2131 897 2196 scd
908 2149 949 2197 ex
960 2131 1074 2196 intima
1089 2133 1221 2198 omnino
1242 2111 1263 2186 ¹²
1274 2115 1301 2166 ⁵·

85 2233 303 2318 philosophia,
322 2234 496 2301 haurienda
511 2240 560 2301 est
575 2236 654 2300 iuris
669 2236 817 2310 scientia,
834 2235 1001 2318 legumque
1016 2237 1160 2300 omnium
1173 2238 1221 2302 di·

86 2341 239 2423 seiplina.
266 2341 350 2420 Quid
371 2342 457 2406 enim
476 2343 572 2424 leges,
591 2342 645 2406 nbi
661 2340 763 2405 iustae
786 2344 863 2418 sint,
886 2341 950 2405 nisi
965 2341 1047 2425 iussa
1068 2345 1222 2408 naturae?

87 2446 256 2526 Quaenam
274 2449 392 2520 autem,
413 2447 474 2510 nisi
492 2450 615 2522 natura,
634 2446 696 2510 alia
720 2448 863 2528 gentium
879 2447 942 2522 lex,
971 2463 1060 2511 mens
1075 2446 1220 2532 ratioque

86 2550 275 2634 prudentis,
295 2550 374 2614 iuris
390 2556 484 2633 atque
506 2551 644 2616 iniuriae
659 2549 832 2615 mensurat
855 2549 916 2618 Sed
932 2551 1008 2634 quid
1025 2555 1138 2617 natura
1153 2553 1220 2637 ipsa

90 2675 107 2714 v
127 2655 191 2720 nisi
204 2660 291 2720 recta
307 2658 339 2720 et
355 2672 372 2719 a
390 2656 520 2720 numine
535 2654 675 2720 Deorum
691 2659 791 2720 tracta
808 2657 892 2720 ratio
908 2655 959 2740 2)?
976 2679 994 2718 u
1240 2639 1267 2771 ἢ
1279 2636 1468 2713 ld.,Ptttvpp.

182 2760 293 2825 Primo
309 2759 429 2843 itaque,
447 2760 527 2826 iuris
542 2761 707 2826 exordium
725 2778 762 2825 ac
776 2761 872 2844 stirps
888 2762 927 2826 ab
939 2779 976 2826 ca
986 2781 1108 2827 summa
1120 2762 1221 2828 ratio·
1273 2757 1278 2770 '

90 2884 130 2931 ne
148 2865 196 2932 vel
214 2866 283 2948 lege
305 2866 459 2948 capienda
478 2869 563 2945 sunt,
589 2885 669 2950 quae
691 2866 800 2932 saeclis
815 2868 962 2934 omnibus
985 2874 1135 2936 antenata
1159 2875 1220 2944 cst,

91 2989 188 3052 qnam
204 2971 324 3052 scripta
341 2971 391 3036 lex
402 2972 479 3048 ulla,
490 2977 544 3039 aut
556 2989 649 3056 quam
662 2973 794 3037 omnino
805 2973 915 3040 civitas
927 2975 1114 3040 constituta:
1134 2992 1223 3040 narn-

93 3093 157 3157 que
174 3097 191 3136 «
209 3077 319 3142 eadem
334 3077 431 3152 ratio,
447 3097 520 3143 cum
531 3081 581 3143 est
592 3077 625 3141 in
638 3077 778 3142 hominis
789 3084 896 3144 mente
907 3081 1094 3144 confirmata
1107 3085 1140 3144 et
1152 3097 1223 3162 per-

96 3179 195 3253 lecta,
211 3180 262 3246 lex
275 3188 325 3246 est
336 3179 379 3267 3).
394 3205 411 3245 »
425 3183 530 3264 Quum
546 3200 637 3265 ergo,
653 3180 693 3247 de
708 3181 779 3246 iure
794 3188 940 3264 agentes,
960 3187 1103 3247 naturam
1116 3184 1223 3264 appel·
1244 3186 1270 3258 a)
1284 3187 1379 3262 lapte
1389 3191 1469 3262 Lep..

96 3283 209 3364 lamus,
224 3285 325 3352 Deum
338 3289 442 3371 ipsum
459 3289 660 3374 appellamus,
675 3287 803 3370 eiusque
818 3289 1046 3372 sempiternam
1059 3290 1161 3372 legem
1175 3295 1223 3354 at·
1244 3263 1266 3336 ¹²
1283 3266 1309 3319 θ’

94 3409 153 3470 que
169 3392 339 3459 rationem.

191 3493 252 3562 Sed
268 3501 375 3561 creata
392 3497 487 3576 ratio,
506 3499 582 3565 licet
596 3497 784 3566 Divinitatis
800 3497 1045 3565 similitudinem
1060 3505 1093 3566 ct
1108 3518 1225 3582 cogna-

97 3597 220 3662 tionem
236 3599 389 3678 reserens,
406 3602 481 3668 dum
498 3603 532 3668 in
547 3603 716 3669 humanam
729 3603 873 3669 illabitur
885 3610 1044 3680 naturam,
1056 3625 1116 3672 nec
1128 3606 1225 3689 liqui-

94 3700 133 3764 da
148 3719 285 3786 semper,
301 3718 358 3768 noc
374 3703 493 3770 larium
509 3703 633 3774 iontem
643 3705 826 3788 plenissime
838 3707 988 3788 attinget,
1001 3706 1062 3770 nisi
1076 3713 1224 3774 aeternae

97 3822 132 3868 ac
146 3806 336 3888 purissimae
348 3809 484 3873 rationis
497 3811 675 3893 sepimenta
686 3809 830 3887 valletur,
839 3812 967 3894 eiusque
980 3811 1100 3876 lumine
1109 3828 1223 3894 augea·

97 3915 161 3975 tur:
182 3929 200 3968 «
218 3914 247 3976 Α
264 3917 376 3977 natura
391 3913 480 3978 enim
497 3915 564 3998 ipsa
579 3915 792 3991 desciscimus,
807 3919 842 3981 nt
856 3917 947 3980 nobis
962 3917 1116 4000 optimam
1133 3923 1225 3983 natu-

99 4031 164 4078 ram
181 4015 334 4080 invidisse
351 4017 514 4083 videamur
528 4017 572 4104 d).
593 4043 610 4082 n
627 4021 676 4088 Ne
692 4020 791 4103 igitur
808 4022 938 4088 vanitati
958 4021 1086 4096 veritas,
1104 4026 1137 4086 et
1153 4025 1224 4104 opi·
1267 4020 1294 4091 tl
1316 4021 1370 4096 ld,
1391 4027 1472 4082 rosc.
1586 3985 1587 4066 ἕ

101 4117 188 4183 nioni
206 4126 319 4186 natura
335 4122 402 4205 ipsa
415 4125 518 4200 cedat,
528 4143 637 4190 omnes
649 4124 804 4208 principis
819 4125 907 4191 illius
923 4127 1068 4202 rationis,
1084 4145 1164 4208 quoe
1176 4131 1227 4193 in·
1250 4101 1296 4156 lll.

100 4228 187 4302 tegra
205 4225 239 4288 in
256 4225 323 4291 Deo
340 4232 400 4304 est,
418 4229 484 4293 sive
500 4228 690 4296 internecet
704 4231 875 4306 naturales
892 4231 958 4298 sive
974 4235 1164 4296 citernaeet
1176 4251 1227 4297 su-

102 4330 319 4404 pernaturales
336 4332 622 4409 manifestationes,
639 4333 823 4402 hominibus
838 4336 953 4412 laetae,
971 4335 1143 4418 diligenter
1155 4345 1230 4404 sunt

100 4430 308 4514 colligendae,
324 4441 358 4500 ut
368 4436 453 4502 ratio
469 4445 576 4506 ereata
588 4443 683 4524 utque
695 4441 823 4506 infirma
838 4461 901 4507 non
915 4441 1054 4517 deliciet,
1066 4446 1163 4526 utque
1175 4443 1230 4506 ille

103 4533 172 4598 lons
188 4537 293 4618 legum
309 4544 341 4604 et
358 4540 437 4606 iuris
451 4543 590 4612 inveniri
607 4545 718 4628 possit,
736 4547 790 4628 qui
807 4565 825 4610 a
840 4547 942 4612 Tullio
957 4563 1055 4629 nuper
1069 4563 1231 4611 commen·
