3224 5282
572 293 792 378 sumas-vra.
1133 276 1196 345 lle

122 446 235 528 pulsio,
246 442 387 510 familiae
396 433 725 524 subversio,politl‚'cus
737 437 993 514 materialismus,
1004 440 1240 506 societatisdisss

121 535 249 610 solutio,
268 533 409 598 bominis
424 531 463 596 ab
478 529 609 594 bomine
625 531 719 610 alque
742 547 759 592 a
776 531 887 593 natura
911 528 1056 601 recessio,
1073 532 1240 610 captivitas

122 626 167 688 vel
183 613 348 697 anarcbia,
366 623 414 688 vel
429 625 561 702 utraque
576 617 683 695 aimuh
702 617 779 682 baec
791 616 898 681 omnia
911 616 1140 697 inparadoxali
1153 622 1241 685 libel-

121 714 149 776 lo
165 711 425 782 continebantur.
846 785 849 796 y
981 733 1001 758 ἰ

186 855 189 860 .
209 801 255 865 X.
271 801 356 866 Num
367 798 585 882 philosophica
598 801 631 861 et
642 794 854 860 democratica
866 793 1056 861 insurrectio
1066 815 1146 879 quae
1158 818 1242 865 anno

123 887 209 954 1789
225 891 260 954 in
277 888 388 954 Galliis
402 889 550 968 contigit,
562 887 723 966 Europam
733 884 923 967 peragravit,
934 885 1138 968 omniumque
1152 890 1242 954 dein-

120 980 157 1043 de
173 979 445 1052 insurrectionum
461 993 574 1058 parens
594 975 718 1050 extitit,
735 974 847 1038 melius
866 972 905 1036 de
920 975 1114 1056 proprietate
1136 995 1242 1043 sense·

120 1068 185 1132 rat?
201 1066 345 1132 Falleris.
363 1070 515 1131 Attamen
531 1065 606 1147 quid
618 1062 815 1146 proprietate
826 1063 1050 1138 democretius,
1068 1083 1148 1148 quac
1164 1067 1243 1132 libe·

120 1175 191 1219 rum
207 1155 369 1220 bominem
384 1154 567 1236 comitatur,
581 1159 615 1219 ct
627 1151 821 1216 laborantem
832 1152 990 1232 sequitur?
997 1153 1057 1219 Sed
1070 1161 1191 1228 mentes
1203 1158 1244 1221 il-

121 1245 169 1308 lae
185 1244 304 1324 utopiis
319 1244 567 1319 delectabantur,
586 1260 650 1308 non
662 1240 842 1305 libertatem
854 1240 908 1304 sed
923 1242 1175 1310 dominationem
1193 1247 1242 1311 iu·

120 1334 259 1398 hiantes,
277 1334 359 1398 Hinc
376 1333 459 1398 illius
474 1331 653 1398 Conventus
675 1327 1093 1421 (Acscmblecdanstitaentc)
1117 1340 1240 1409 orator,

120 1421 299 1496 Mirabeau,
310 1423 419 1503 quovis
430 1419 773 1504 anteactodespotismo
784 1419 1035 1501 praepotentior,
1046 1421 1086 1485 de
1096 1423 1243 1504 propria-

120 1515 189 1575 tate
205 1511 388 1576 disserebat:
407 1531 425 1570 u
443 1511 647 1576 Particularis
661 1507 848 1591 proprietas,
866 1507 1045 1600 dominium
1061 1516 1120 1588 est,
1140 1512 1242 1596 lapaut

120 1601 151 1664 oi
170 1609 198 1665 ct
214 1600 363 1682 facultate
379 1599 579 1682 accubitum:
598 1601 666 1665 solu
682 1599 736 1662 lece
746 1599 971 1679 proprietatem
985 1599 1144 1664 constituit
1163 1600 1204 1685 1).
1222 1625 1238 1665 n
1285 1597 1307 1672 ll
1324 1605 1401 1661 Hlst.
1416 1620 1491 1678 pcr-

119 1689 155 1753 ln
175 1689 381 1773 eamdemque
393 1690 584 1762 senteutiam
596 1688 739 1754 recidens
752 1685 922 1750 Tronchet:
940 1705 957 1745 n
972 1686 1057 1760 Sola,
1069 1689 1126 1764 ait,
1141 1690 1242 1755 socie-
1261 1674 1392 1750 lencona,
1420 1688 1487 1738 com.

120 1779 199 1842 tatis
213 1779 412 1852 constitutio,
432 1780 509 1860 tapes
525 1780 610 1843 solue
626 1794 731 1844 veram
747 1774 952 1857 proprietatis
967 1775 1125 1857 originem
1142 1796 1177 1844 ac
1193 1782 1243 1844 ius
1262 1754 1293 1822 V*
1310 1768 1338 1824 p,
1355 1759 1421 1813 ³²⁵·

119 1867 296 1932 effecerunt
311 1865 354 1950 2).
373 1891 391 1930 n
406 1867 527 1951 Ubique
535 1867 727 1936 Genevcnsis
740 1863 899 1946 sophistae
907 1864 1050 1930 doctrina
1062 1866 1101 1929 de
1114 1872 1242 1933 contra-
1283 1865 1309 1940 ll
1322 1868 1389 1926 leid.
1407 1877 1426 1926 l.
1442 1873 1487 1944 tx,

118 1961 174 2020 ctu
191 1957 312 2032 sociali,
331 1964 452 2022 mentes
467 1959 651 2040 depravans,
665 1955 863 2028 societatem,
879 1953 1033 2020 libertatis
1049 1955 1190 2032 nomine,
1209 1959 1242 2024 in
1263 1958 1291 2015 l·
1305 1947 1358 2002 ³⁰2
1374 1952 1429 2002 ete.

118 2047 307 2110 servitutem
323 2047 480 2128 redigens.
554 2073 559 2080 ·
662 2061 692 2074 ‘·

211 2134 272 2199 x1.
290 2133 756 2216 MaximilianusRobcspierre,
767 2131 980 2197 democratiae
991 2133 1193 2215 etpopularis
1206 2137 1245 2201 li·

117 2223 267 2298 bertatis,
285 2224 372 2288 cuius
388 2240 496 2288 amore
515 2223 689 2305 deperibat,
707 2219 868 2302 specimen
892 2220 1007 2288 obtulit
1022 2221 1055 2285 in
1072 2222 1125 2286 illa
1141 2224 1244 2289 decla·
1278 2252 1282 2260 ·

117 2313 248 2377 ratione
256 2315 292 2377 dc
301 2311 429 2378 Iuribus
440 2313 575 2376 bominis
583 2309 626 2395 3),
638 2325 732 2392 quam
744 2311 777 2374 in
791 2310 1051 2374 constitutionem
1065 2313 1141 2374 anni
1155 2312 1241 2378 1792
1286 2319 1311 2390 tt
1335 2325 1435 2380 Drctlc
1455 2323 1491 2380 de

119 2402 306 2466 vertendam
322 2406 537 2487 proposuerat:
558 2421 575 2461 r<
592 2401 786 2482 Proprietas,
804 2399 981 2481 inquiebat,
1000 2400 1047 2463 ius
1068 2406 1115 2465 est
1128 2402 1243 2488 cuique
1264 2393 1416 2468 l'eomme,
1436 2409 1488 2456 erl·

115 2491 179 2554 civi
195 2496 390 2574 competens,
409 2498 444 2558 ut
459 2507 495 2554 ea
510 2491 643 2572 gaudeat
654 2489 809 2553 bonorum
820 2494 910 2570 parte
921 2505 1016 2569 quam
1029 2490 1079 2553 lex
1090 2487 1139 2554 illi
1155 2496 1241 2556 tuea·
1268 2471 1293 2545 ⁷2
1311 2477 1337 2528 ⁸·

117 2584 184 2653 tar,
202 2579 320 2661 pailet
344 2581 544 2663 estpararuie
556 2597 621 2660 pur
641 2579 674 2643 la
689 2578 745 2642 loe'.
766 2599 783 2640 »
800 2575 867 2642 Lex
888 2575 1002 2650 civilis,
1022 2579 1079 2654 ait,
1105 2597 1168 2644 non
1186 2599 1241 2645 na-

116 2674 202 2744 tura,
223 2687 287 2733 non
313 2671 464 2752 aequitas,
489 2687 552 2733 uun
568 2668 670 2744 labor,
689 2686 753 2732 non
772 2667 972 2749 singulorum
992 2668 1122 2732 libertas
1137 2687 1174 2734 ac
1190 2689 1244 2736 vu-

118 2756 239 2822 luntas.
258 2758 473 2840 Republicano
497 2759 620 2823 scilicet
643 2757 723 2832 iure,
743 2758 923 2838 proprietas
947 2757 995 2820 ius
1011 2763 1116 2822 estre
1132 2761 1243 2823 utendi
1281 2796 1284 2802 =

116 2846 280 2928 quomodo
298 2852 331 2912 et
346 2849 496 2929 quamdiu
511 2848 635 2928 placcat
652 2846 727 2928 legi,
746 2865 809 2910 nun
823 2863 897 2911 vcro
913 2847 1109 2926 disponendi.
1128 2849 1210 2914 Nam
1226 2865 1244 2912 a

116 2935 309 3018 disponendi
327 2937 474 3003 facultate
487 2940 614 3001 caverat
629 2941 751 3010 auctor,
761 2935 838 3016 'quia
854 2935 931 3000 haec
943 2935 1124 3001 facultatem
1140 2955 1245 3001 succe-

120 3023 232 3099 dcndi‚
257 3025 407 3104 donandi,
426 3026 577 3099 testandi,
595 3025 752 3106 simulque
775 3024 978 3107 proprietatis
1000 3025 1245 3107 perpetuitatem

120 3118 153 3177 et
170 3114 451 3181 inviolabilitatem
465 3114 745 3195 complectebatur:
763 3114 905 3196 aquibus
917 3114 1192 3200 republicanorum
1207 3115 1246 3178 li·

7 3203 8 3206 ’
121 3199 1243 3285 bertasabhorrebatcretcrum,testandiiusiamexpuleratinquiens:

124 3310 142 3348 n
161 3290 330 3371 Quomodo
346 3293 385 3357 de
400 3293 459 3358 hac
474 3297 561 3358 terra
576 3310 669 3374 quarn
685 3291 833 3367 incoluit,
851 3291 948 3364 homo
963 3292 1131 3376 disponere
1154 3298 1245 3374 pote·

7 3471 8 3476 ἵ
121 3379 179 3454 rit,
197 3382 323 3462 quanda
340 3381 403 3446 iam
420 3383 485 3464 ipse
502 3382 671 3447 interram
686 3399 853 3447 conversus
869 3380 980 3447 luerit?
996 3379 1028 3464 l)
1047 3403 1064 3444 »
1284 3376 1312 3452 ⁴l
1327 3381 1404 3438 Hice.
1417 3399 1491 3457 por-

7 3559 9 3568 ’
121 3557 210 3621 enim
227 3577 322 3641 quum
337 3578 399 3624 una
416 3562 458 3626 sit
473 3561 535 3638 lex,
553 3559 660 3642 populi
675 3561 831 3635 voluntas,
848 3561 976 3642 popello
999 3561 1127 3642 eiusque
1143 3561 1246 3626 tribu·

212 3469 292 3535 Xll.
313 3470 380 3538 Nec
395 3471 533 3545 mireris,
552 3471 676 3552 exleges
690 3471 835 3539 honnnes
852 3472 951 3552 legem
976 3470 1149 3561 appellarez
1166 3470 1245 3553 lpsis
1264 3451 1486 3606 {maghonem

122 3647 174 3710 nis
189 3648 441 3728 decernentibus,
459 3650 673 3732 possessorum
689 3651 862 3733 expoliatio
878 3649 1020 3731 legitime
1032 3650 1242 3716 sanciebatur.
1293 3676 1295 3680 ’

7 3737 10 3748 ’
121 3737 219 3811 Nam,
238 3743 404 3822 postquam
421 3740 582 3821 sauguinis
594 3737 791 3804 aristocratia
804 3739 905 3804 deleta
918 3739 1032 3813 iuerat,
1047 3745 1080 3804 ct
1095 3738 1245 3820 pecuniae

7 3833 9 3928 ζ
122 3825 337 3902 aristocratia,
356 3830 426 3910 ipso
442 3833 592 3894 monente
607 3827 828 3912 Robespierre,
843 3829 973 3892 delenda
990 3833 1071 3893 crat.
1085 3827 1157 3894 Noa
1174 3830 1245 3912 qui-

122 3912 196 3978 dem
213 3933 277 3980 uno
294 3919 375 3996 ictu,
392 3919 446 3982 sed
461 3919 577 3982 sensim
593 3917 662 3997 siue
677 3936 780 3983 sensu:
799 3918 1033 3991 constituendo,
1051 3935 1103 3983 ex.
1126 3935 1191 3999 gr„
1210 3924 1245 3985 ut

120 4003 210 4083 plebs
221 4006 423 4094 republicana
437 4005 663 4094 (consectatus)
677 4008 801 4089 publica
817 4009 954 4073 aleretur
965 4007 1110 4089 pecunia,
1122 4024 1162 4075 cx
1173 4023 1246 4071 cen·
1319 4089 1322 4095 Ι
1361 4057 1362 4062 ,

121 4092 208 4158 sibus
219 4094 353 4159 divitum
364 4096 541 4172 conflanda,
551 4095 599 4162 vel
613 4113 652 4160 ex
664 4097 780 4164 coactis
791 4096 1053 4179 praestationibus
1066 4114 1102 4161 ce
1113 4094 1243 4170 mutuis:

7 4183 8 4218 ³
122 4181 172 4245 vel
189 4201 227 4248 ex
238 4183 308 4247 iure
320 4187 360 4250 ad
372 4187 523 4261 laborem,
534 4190 570 4250 ut
582 4186 764 4268 quotidiana
782 4203 900 4251 merces
916 4190 1139 4267 praestaretur,
1149 4184 1246 4272 etiarn

7 4275 9 4308 ³
120 4288 195 4334 cum
211 4272 300 4338 labor
315 4274 362 4342 vel
379 4275 544 4339 laborandi
561 4272 703 4340 voluntas
718 4275 901 4352 defuissent:
917 4277 996 4350 imo,
1010 4275 1112 4358 limite
1127 4273 1246 4339 consti·

7 4363 8 4394 *
119 4363 204 4435 tuto,
223 4361 305 4427 ultra
321 4383 414 4445 quem
432 4365 558 4428 nemine
570 4365 730 4447 possidere
745 4365 867 4440 liceret,
883 4371 918 4429 ut
928 4365 1033 4431 Marat
1047 4363 1243 4429 autumabat.

7 4455 9 4488 ²
119 4448 191 4514 Nec
204 4449 258 4515 hic
274 4452 361 4518 finis.
371 4452 405 4518 Si
420 4455 508 4518 enim
525 4454 633 4536 populi
646 4455 788 4520 voluntas
801 4459 848 4520 cst
859 4471 958 4536 aequa
974 4455 1035 4528 lex,
1046 4468 1143 4536 aequa
1155 4454 1247 4516 erant

7 4547 9 4646 ζ
119 4538 246 4619 publica
264 4541 430 4607 latrocinia
447 4548 572 4626 peracta
590 4543 628 4608 ab
644 4543 841 4608 insanissima
857 4544 956 4625 plebe,
976 4543 1043 4693 iplsg
1056 4544 1161 4607 Marat
1172 4557 1248 4603 con-
