3228 5280
570 324 794 380 rincum-unu.
1129 307 1195 376 uel

125 473 262 558 glmina‚
279 480 424 541 monam
434 469 517 542 baec
530 472 722 556 reipublicae
735 471 822 540 dicta
836 490 856 537 a
870 469 1062 548 Bobemero,
1077 479 1150 556 post
1163 491 1241 556 gen-

7 577 8 590 *
124 565 209 632 tium
232 563 368 641 dolores,
386 562 421 629 in
437 560 614 628 absolutam
636 561 864 647 rempublicam
883 565 1124 638 convertuntur,
1141 568 1190 640 ut,
1207 581 1242 630 ce

124 665 237 718 menso
248 653 393 718 dolorum
407 642 515 728 cursu,
527 651 568 716 ad
578 652 655 736 quid
666 669 739 719 sere
753 650 992 718 monarchicum
1008 651 1239 733 medionon.

127 742 240 825 Neque
251 740 454 814 Britanniam
470 757 594 824 semper
607 739 774 807 obiiciant.
793 741 875 809 Nam
887 755 990 824 neque
1003 737 1173 822 imperium
1186 758 1243 826 po·

126 831 210 912 puli,
226 849 327 912 neque
338 829 470 914 populus
481 834 531 896 est
540 830 624 912 apud
634 831 819 904 Britannos;
829 830 886 894 sed
895 829 930 894 in
942 828 1063 911 duplici
1074 829 1242 902 aristocra-

127 919 188 995 tia,
206 921 276 985 auri
292 925 327 984 el
344 919 519 1000 sanguinis,
535 924 611 985 sunt
626 919 735 985 omnia
750 918 803 1005 (a).
821 916 983 984 Ditissimi
998 917 1169 1002 imperant,
1186 920 1242 1004 qul

126 1009 246 1074 veteris
260 1008 361 1073 moris
373 1013 449 1072 nint
463 1008 673 1083 tenacissimi,
690 1013 788 1090 utque
798 1008 912 1074 stabile
925 1010 1046 1090 perstet
1056 1007 1241 1090 imperium,

127 1113 241 1162 aarum
256 1097 345 1164 iubet
359 1096 483 1162 utilitas
499 1097 553 1179 qui
569 1098 608 1162 ed
624 1097 796 1181 imperium
819 1097 984 1173 acceduntn
1001 1095 1085 1161 unda
1099 1096 1156 1161 illa
1170 1098 1244 1163 Bri·

127 1190 300 1251 tannacum
315 1184 495 1269 prudentia,
512 1191 550 1250 ut
563 1205 661 1268 nuum
672 1187 712 1251 de
722 1186 884 1253 materiali
895 1186 1001 1268 agitari·
1014 1185 1167 1264 utilitate,
1185 1205 1243 1269 po·

127 1273 238 1342 liticen
252 1275 427 1358 opiniones
438 1274 677 1358 conquiescant.
694 1275 782 1340 Alibi
799 1293 873 1342 vero
890 1275 1085 1344 democratia
1098 1291 1158 1358 pro
1172 1267 1244 1341 sub—

126 1364 247 1429 stantia
255 1369 315 1438 ase
325 1363 527 1430 aristocratia
539 1363 1022 1448 impotens,imbecillis,relpro
1036 1363 1242 1431 iormacPam

125 1453 259 1536 perriml
270 1453 441 1536 imperium
454 1451 615 1535 arripiunt
625 1453 674 1519 rel
689 1454 827 1536 spirant,
840 1471 974 1538 quorum
989 1453 1123 1519 interest
1134 1469 1240 1518 rerum

127 1557 285 1606 summam
297 1546 451 1616 numere,
458 1541 1014 1626 nauminpelitinisconrersionibiu
1023 1541 1160 1622 plurima
1171 1559 1241 1624 spe·

127 1635 214 1706 rent,
231 1630 314 1696 nibil
330 1630 468 1695 babeant
481 1647 545 1715 quo
557 1630 620 1697 sibi
632 1631 781 1715 deamat.
794 1631 982 1698 Britanniae
990 1630 1172 1712 exemplar,
1186 1647 1240 1696 ex·

7 1741 9 1782 z
126 1725 223 1801 cepte
234 1721 324 1802 regio
341 1720 483 1794 nemine,
497 1718 583 1786 sides
594 1719 630 1785 in
641 1720 804 1803 republica
817 1719 954 1797 Veneta:
965 1737 1023 1786 nec
1035 1718 1241 1802 politicadis-

7 1831 8 1838 *
128 1809 318 1876 similia-lit
332 1809 387 1892 qui
402 1808 470 1874 illic
481 1807 568 1891 regis
583 1809 632 1876 vel
646 1809 910 1891 reginae'cultusi
924 1809 1025 1890 Quale
1036 1813 1069 1874 et
1084 1811 1238 1890 quantum

128 1897 307 1963 iniciendae
328 1897 494 1980 religionis
508 1897 672 1964 studium?
686 1900 773 1966 llaec
788 1902 895 1967 eutem
909 1899 988 1974 duo,
1002 1914 1084 1980 quae
1098 1895 1239 1963 maxima

7 2011 8 2016 ¹
126 1991 203 2052 sunt
217 1986 385 2068 regiminis
397 1986 551 2064 nrbsid'n,
566 2003 661 2070 qmrn
676 1988 754 2053 alibi
775 1989 902 2063 desunt,
918 1987 972 2052 ubi
988 1985 1237 2057 democraticum

125 2076 320 2142 elementum
335 2076 463 2158 regibus
470 2081 512 2144 ,et
526 2075 678 2158 religioni
689 2077 864 2160 aequaliter
878 2094 913 2143 se
924 2075 1052 2142 exbibet
1065 2071 1237 2140 intensuml

7 2191 8 2230 l
121 2162 264 2230 Tandem
281 2183 339 2230 nec
354 2165 621 2230 contemnendum
636 2169 685 2232 est
699 2155 870 2231 discrimen
882 2165 916 2231 in
929 2163 1092 2246 frigidaet
1106 2163 1241 2228 calcula·

7 2309 9 2324 ,
120 2252 205 2318 trice
214 2253 444 2318 Britannorum
457 2254 595 2329 ratione,
604 2253 858 2336 quaeaierrenti
869 2251 1127 2318 meridionalium
1138 2269 1238 2335 popu-

7 2369 8 2406 1
121 2339 229 2420 lorum
241 2342 471 2424 imaginatione
481 2341 778 2426 nnnsdmedisnt.
787 2341 877 2423 Quae
884 2341 1122 2408 simulcolleota
1130 2346 1238 2406 osten·

7 2475 8 2502 ,
119 2429 202 2496 dunt
216 2446 311 2514 mam
323 2431 434 2513 inepte
444 2430 788 2515 Britanniaeexemplo
799 2430 1004 2515 complurimi
1015 2433 1238 2505 utentur3tnm

7 2553 8 2588 l
119 2534 218 2600 mam
232 2513 381 2586 insidiose
392 2515 579 2587 Britanniae
589 2524 727 2587 matures
737 2520 949 2586 democretius
960 2520 1117 2602 regimina
1128 2518 1239 2601 appel·

119 2605 189 2674 le'nt
203 2607 266 2673 sibi
279 2607 413 2696 similia,
426 2613 524 2692 utmre
534 2608 612 2675 talia
622 2622 719 2693 penes
728 2603 843 2676 oannes¹
854 2614 964 2690 gentes
978 2612 1129 2675 tueantau
1140 2623 1177 2671 ao
1189 2607 1238 2672 los

119 2700 229 2762 veaot.
246 2697 391 2778 Quorum
405 2697 520 2780 agendi
531 2695 617 2765 ratio
629 2697 829 2782 iniquissime
840 2701 951 2780 peccat
966 2697 1001 2763 in
1012 2698 1062 2763 ins
1076 2695 1234 2777 gentium,

7 2817 8 2830 ι
117 2801 194 2850 cum
209 2787 391 2852 universale
400 2787 632 2869 qumemmedo
647 2785 818 2872 imperium
827 2787 889 2864 sibi
904 2793 1066 2870 amogent,
1079 2788 1114 2849 et
1123 2783 1236 2867 pedem

7 2919 8 2924 ,
115 2872 1236 2960 inalienamdomumaudacteriniarant,etpopulosinprincipescon·

117 2961 235 3030 citent.
252 2963 314 3032 sen
329 2974 432 3049 neque
444 2965 574 3030 llrmam
589 2964 639 3032 tel
652 2965 858 3034 insidendam
872 2964 1010 3048 Angliac
1032 2960 1232 3036 felicitatem,

116 3052 351 3134 sapientissimi
365 3055 430 3120 iam
445 3055 648 3139 suspicantur
662 3052 712 3140 (b).
750 3087 755 3096 ·

7 3265 8 3270 γ
197 3194 238 3270 lc)
254 3195 324 3256 «an
335 3195 495 3272 engleterre
504 3193 533 3254 la
542 3193 665 3254 coalition
674 3194 880 3270 aristocratique
890 3193 937 3270 qui
950 3191 1124 3252 s’estiormec
1137 3202 1233 3256 contre

7 3299 8 3304 κ
117 3266 249 3346 leirene,
265 3275 384 3331 contient
398 3271 423 3330 ls
435 3272 504 3330 lutte
514 3286 579 3329 esec
590 3269 724 3330 success..
738 3269 792 3330 libs
806 3288 854 3328 son
866 3271 982 3343 origine,
996 3268 1023 3326 le
1036 3270 1176 3376 rogantia
1189 3269 1233 3330 eti

116 3345 214 3420 reelle;
225 3354 289 3404 cent
302 3350 445 3422 eloquente
454 3362 504 3406 ans
514 3343 596 3419 apres
606 3361 655 3430 son
664 3344 878 3417 ttsblisssment,
891 3341 1074 3403 intendatis
1088 3352 1131 3404 est
1143 3345 1233 3405 brisee

117 3420 233 3480 endem
244 3421 478 3497 parts,dentl’une
487 3415 1102 3488 andeveranlemmccrescocrcuel’mns
1111 3419 1139 3478 le
1217 3440 1233 3482 s

115 3495 170 3555 des
180 3499 394 3560 commonenda
405 3515 491 3576 pays·
507 3499 733 3572 (danemarcia
745 3515 798 3558 sur
809 3498 902 3556 t’bist.
912 3494 1079 3562 donnanae,
1095 3495 1186 3556 risum
1210 3498 1231 3570 l.

115 3572 225 3644 auplex
237 3575 308 3644 apud
321 3575 425 3649 Anglos
436 3574 619 3634 sustentatis:
633 3574 678 3630 ubi
692 3572 887 3648 papulusilloc
899 3578 991 3631 autem
1004 3575 1233 3635 croccercctccs

118 3648 327 3708 insurrectionis
339 3651 479 3723 proprium
488 3656 542 3722 est,
552 3655 594 3722 ut,
602 3645 710 3720 e'spleto
721 3650 843 3721 victoris,
857 3665 888 3705 se
901 3648 989 3721 sistat,
1004 3648 1066 3722 quia
1078 3645 1232 3723 intelligen-

115 3725 185 3782 tiarn
197 3725 329 3798 possidet,
335 3727 402 3800 nais
413 3725 507 3784 ordine
518 3725 620 3797 indiget
628 3729 659 3781 ot
668 3723 784 3796 seipsam
797 3729 897 3780 servet.
908 3725 1020 3794 contra,
1029 3724 1232 3783 insurrectionis

115 3797 435 3858 dentocrutiroenallas
445 3801 657 3874 bamquonsgue
666 3799 935 3858 adcommunismum
946 3799 1235 3872 pertingetllincpos·

117 3874 205 3932 sibilis
216 3875 370 3936 Britannica
383 3873 585 3934 comtistituticz
597 3881 763 3948 cetereeer
771 3874 936 3934 democratia
947 3874 1065 3948 genitae,
1081 3871 1235 3947 impensibi·

118 3950 173 4008 les.
187 3951 243 4010 lice
258 3950 415 4010 diuturnam
429 3952 498 4012 istae
510 3951 592 4013 riusa
604 3951 785 4025 recipianter
799 3950 890 4024 eliqua
901 3950 1090 4010 aristocratiae
1101 3949 1234 4023 particule

119 4026 242 4162 llslencte,
250 4041 375 4088 cum
386 4025 536 4105 detpesil,
549 4039 619 4100 quae
631 4027 659 4088 ln
670 4027 850 4088 democretius
863 4023 971 4084 turbine
983 4033 1137 4100 exmesoet,
1151 4024 1193 4085 rel
1208 4026 1234 4084 in

117 4103 127 4168 i
150 4117 195 4162 am
207 4110 393 4164 mnemietm.

205 4177 242 4252 lbi
255 4180 288 4238 ln
300 4179 420 4254 anglicis
432 4177 611 4246 electionibus
629 4175 732 4252 duplex
747 4191 880 4252 persaepe
894 4174 1034 4235 mutuam
1091 4189 1154 4234 nus:
1169 4189 1234 4232 eor·

119 4257 257 4328 ruptam
269 4261 298 4315 et
307 4258 451 4343 compti.
465 4257 618 4318 decantas
628 4253 701 4312 enim
713 4253 835 4327 nausa,
846 4251 958 4315 nomine
968 4249 1037 4322 Ball,
1068 4267 1084 4310 c
1098 4248 1234 4322 cormptis

121 4329 300 4408 electoribus,
308 4331 335 4392 in
344 4330 526 4390 natantibus
535 4327 856 4404 comitiisgloriabundus
866 4326 1013 4399 letabatur,
1021 4323 1065 4384 dic
1077 4323 1170 4384 liieb.
1183 4342 1233 4383 en·

124 4407 208 4498 litia
223 4408 355 4497 sbignari
364 4405 435 4480 sl,in
447 4423 501 4467 nnn
511 4406 547 4465 bo
555 4403 688 4492 ietmebe
701 4405 812 4480 seguine
825 4401 940 4464 illustri
952 4419 969 4462 e
980 4403 1131 4487 numerosi
1140 4415 1233 4459 omno

118 4475 739 4622 nninznlcacntlanni
747 4476 1232 4628 incilinnialnncnl
