3208 5274
402 306 469 374 2th
769 392 774 396 ι
838 315 995 375 cranam.

359 471 426 536 nim
441 471 475 535 in
492 467 609 535 iuriam
624 469 766 536 civilium
782 470 865 537 serie
878 477 927 537 est
942 468 1126 553 imperium.
1137 465 1237 551 Atqui
1249 467 1312 533 nisi
1327 469 1404 534 iura
1415 485 1497 535 om·

358 562 424 638 nia,
442 559 539 624 semel
563 559 727 642 aequisita,
746 561 965 642 permanentia
986 559 1066 633 sint,
1090 557 1274 623 miscebitur
1295 557 1427 633 civicas,
1458 563 1498 625 ut

356 649 592 731 praesertimin
606 649 812 730 proprietatis
823 649 892 713 inre
904 647 1110 732 conspicitur,
1122 651 1247 730 quaeat
1258 647 1400 712 naturali
1411 648 1496 712 iure

356 741 391 803 et
401 737 486 802 facto
501 737 638 802 bumana
652 737 871 803 constituitur.
886 737 946 804 Sed
961 739 1023 802 duo
1038 736 1094 800 illa
1109 736 1229 820 pariter
1242 734 1417 812 elementa,
1436 735 1494 800 ius

357 824 501 894 naturale
515 830 548 890 ct
559 825 724 890 hominum
740 827 872 900 factum,
889 825 924 892 in
940 825 1124 909 principatu
1139 828 1343 889 concurrunt.
1362 828 1391 889 Α
1407 825 1493 906 pari

357 913 468 995 igitur,
485 915 749 996 quemadmodum
764 915 939 981 constituta
955 915 1154 997 proprietate
1167 913 1202 976 in
1219 911 1405 987 individuis,
1426 914 1496 978 illa

357 1003 493 1068 naturali
501 1008 534 1067 et
544 1003 735 1070 divino'iure
746 1021 935 1086 permanens
943 1007 1039 1087 atque
1051 1000 1245 1069 inviolabilis
1255 1000 1420 1077 consistit:
1438 1003 1493 1068 ita

356 1107 481 1174 quoque
495 1092 704 1174 principatus.
722 1093 796 1161 Non
811 1093 896 1157 bunc
911 1109 987 1158 sanc
1002 1110 1074 1158 oum
1089 1090 1289 1172 proprietate
1311 1089 1494 1156 confundi-

356 1197 438 1254 mus,
456 1180 511 1244 sed
526 1180 560 1244 in
575 1186 710 1265 utroque
733 1181 814 1259 iure,
833 1199 873 1246 ex
888 1182 999 1246 eadem
1021 1179 1184 1246 societatis
1206 1178 1410 1252 necessitate,
1431 1197 1493 1244 ae-

357 1269 458 1352 qualis
473 1270 706 1352 perseverantia
722 1274 817 1351 atque
831 1269 1059 1336 inviolabilitas
1068 1267 1287 1350 requiruntur3
1299 1285 1358 1330 nec
1370 1267 1492 1348 politi·

357 1375 430 1422 cum
444 1355 494 1422 ius
507 1357 706 1423 multitudini
718 1358 914 1436 conceditur,
928 1359 1005 1443 quin
1016 1363 1050 1424 et
1062 1354 1270 1439 pmprictatis
1281 1354 1352 1420 iura
1366 1373 1492 1422 conce

356 1447 484 1511 dantur.
492 1446 653 1528 Negantes
661 1445 851 1512 insurrectio
862 1448 930 1532 ipsa
938 1447 1092 1521 revincet,
1102 1444 1261 1510 horrenda
1270 1444 1408 1527 quadam
1414 1446 1492 1511 dia-

356 1534 468 1610 lectica
483 1534 654 1616 imperinm
670 1541 703 1602 et
718 1535 948 1618 proprietatem
964 1536 1051 1601 adse
1067 1532 1267 1616 pertrahens.

449 1623 523 1690 XV.
536 1621 571 1690 d.
581 1622 756 1690 Constituti
768 1624 899 1706 imperii
910 1622 1310 1706 corollariaexpendamus.
1321 1621 1491 1687 Naturalis

359 1717 525 1778 coercetur
540 1713 669 1778 libertas
683 1717 716 1780 et
724 1715 914 1799 aequalitas.
931 1715 1060 1780 Fateorz
1077 1729 1136 1776 nec
1151 1711 1281 1776 libertas
1292 1709 1400 1774 civilis
1415 1716 1490 1776 tan-

359 1801 611 1883 tumacpolitioa
621 1803 834 1868 diversimode
845 1802 1047 1884 dispertitur,
1057 1802 1111 1865 sed
1123 1800 1189 1884 ipsa
1201 1815 1326 1884 quoque
1338 1800 1490 1882 proprie-

359 1898 422 1964 tas,
438 1896 475 1955 ut
489 1891 545 1954 alii
559 1891 747 1974 plurimum,
765 1891 821 1956 alii
833 1910 946 1975 parum
961 1893 1008 1956 vel
1024 1890 1107 1956 nibil
1121 1888 1314 1973 possideant.
1333 1886 1420 1966 Quid
1436 1889 1490 1952 in-

359 1979 413 2045 del
419 1977 597 2045 Necessitas
609 1979 686 2046 haec
698 1979 835 2056 socialis,
845 1997 940 2064 qnam
952 1996 1047 2044 nemo
1058 1977 1200 2060 effugiet,
1216 1976 1277 2042 nisi
1292 1975 1420 2042 civitati
1433 1977 1489 2044 sil-

360 2085 413 2135 vas
428 2067 600 2146 praecerat:
618 2074 666 2135 est
681 2070 767 2134 enim
780 2069 830 2135 lex
843 2063 1006 2146 naturalis,
1021 2073 1056 2133 ut
1068 2067 1123 2150 qut
1134 2065 1310 2132 commodis
1321 2064 1438 2140 utitur,
1453 2072 1488 2132 et

359 2156 560 2221 incommoda
576 2157 661 2223 ferre
675 2158 798 2224 debeat.
810 2159 896 2242 Ergo
908 2159 957 2224 vel
969 2158 1099 2239 imperil
1115 2172 1275 2239 quaequae
1290 2156 1324 2218 et
1339 2157 1488 2237 proprie-

362 2245 438 2313 tatis
452 2245 625 2311 constituta
637 2245 719 2321 inra,
733 2247 794 2312 etsi
806 2249 993 2330 quandoque
1008 2246 1142 2312 moleste
1153 2242 1310 2310 afficiendi
1322 2241 1434 2318 simus,
1449 2244 1489 2307 ll·

361 2335 476 2400 daliter
490 2333 680 2400 observanda
695 2341 780 2412 sunt,
799 2337 848 2402 vel
863 2336 1014 2401 anarcbin
1032 2334 1220 2418 expetenda,
1237 2336 1270 2397 et
1285 2331 1488 2396 dissolvenda

362 2424 508 2489 societas.
1082 2441 1085 2448 ⁴

451 2511 542 2577 XVl.
558 2513 591 2578 5.
603 2513 665 2581 Sed
677 2515 807 2581 cuilibet
821 2516 957 2600 imperio
968 2513 1016 2580 sui
1029 2532 1155 2600 quoque
1168 2518 1240 2579 sunt
1256 2509 1389 2583 limites,
1400 2510 1487 2590 quod

362 2602 410 2667 vel
425 2602 473 2666 ins
487 2601 642 2679 divinum,
661 2605 708 2670 vel
724 2603 796 2679 hoc,
814 2611 847 2671 et
862 2603 1006 2688 gentium
1026 2603 1212 2677 constituta,
1230 2607 1263 2668 et
1278 2615 1383 2664 mores
1400 2604 1491 2663 attu-

360 2691 480 2755 lerunt.
496 2689 529 2756 Si
545 2693 706 2757 violentur
720 2711 739 2757 a
753 2694 910 2777 principe,
926 2712 1033 2761 nonne
1048 2694 1101 2759 bic
1115 2691 1311 2758 deiiciendns
1322 2692 1422 2768 atque
1432 2705 1491 2750 ex-

360 2779 538 2861 pellendus?
552 2781 614 2845 llic
629 2782 881 2849 adversariorum
897 2801 1011 2849 nervus
1025 2799 1062 2848 ac
1073 2783 1182 2848 robur.
1196 2779 1306 2848 Primo
1322 2776 1445 2856 itaque.
1459 2776 1489 2839 Si

359 2867 509 2950 princeps
521 2886 667 2934 concessa
680 2870 856 2936 liberaliter
866 2873 1070 2955 iura,utpote
1077 2871 1220 2954 publicae
1231 2864 1487 2938 noxiantilitati,

360 2957 444 3020 adse
459 2957 614 3034 retrabat,
633 2977 765 3024 munere
779 2979 836 3024 suo
848 2961 1004 3042 iungitur,
1018 2961 1107 3026 cuius
1120 2966 1168 3027 cst
1182 2958 1285 3044 gentis
1299 2953 1489 3024 incumbere
1597 3011 1598 3020 ,

359 3044 466 3110 ordini
482 3051 515 3110 et
529 3045 690 3114 felicitati.
702 3049 735 3116 Si
744 3067 819 3114 vern
830 3054 952 3116 temere
967 3053 1062 3134 atque
1077 3050 1195 3116 iniuste
1210 3048 1332 3113 evertat
1349 3043 1421 3106 iura
1434 3059 1488 3105 re-

359 3133 414 3216 gni
430 3132 690 3211 fundamentalia,
708 3138 755 3203 vel
770 3139 966 3221 principatus
981 3139 1015 3203 in
1031 3144 1173 3221 apertam
1189 3132 1392 3222 tyrannidem
1406 3147 1487 3195 con·

358 3226 512 3296 vertatur,
529 3223 646 3306 duplex
661 3225 698 3291 nt
711 3226 866 3308 quaestio:
879 3227 911 3293 1.
928 3227 1006 3310 quid
1021 3227 1115 3292 inrisi
1130 3228 1164 3294 2.
1182 3225 1257 3310 quid
1273 3221 1433 3306 agendum
1449 3220 1485 3284 in

358 3310 468 3376 factis?
483 3309 519 3376 si
534 3312 760 3395 ius-inspicias,
777 3316 934 3399 principis
945 3322 1015 3383 acta
1026 3316 1124 3404 ¹irrita
1138 3321 1223 3382 sunt.
1241 3313 1276 3379 Sl
1292 3326 1430 3398 quaeras
1444 3310 1485 3374 de

359 3398 456 3475 fanto,
473 3417 507 3464 se
523 3399 557 3465 in
573 3401 613 3466 ils
628 3404 668 3467 ab
682 3403 881 3472 obedientiae
897 3405 1022 3472 vinculo
1044 3405 1243 3479 subtrahere,
1260 3403 1356 3484 atque
1380 3398 1482 3462 alium

359 3486 477 3568 eligere
492 3491 680 3574 principem,
697 3494 724 3558 si
741 3495 857 3578 absque
871 3493 1011 3561 civitatis
1026 3491 1261 3578 perturbatione
1277 3487 1347 3555 fleri
1364 3487 1482 3570 possit,

360 3577 449 3657 genti
465 3577 624 3660 integrum
639 3600 679 3647 ex
693 3601 720 3647 s.
738 3583 872 3660 Tamna,
889 3581 1036 3651 suarezlo
1052 3589 1085 3650 et
1095 3581 1299 3649 Bellarmino:
1319 3593 1485 3660 nunquam

361 3671 469 3728 tamen
488 3665 634 3734 civilibus
649 3671 747 3737 armis
762 3672 939 3754 insurgere,
956 3677 989 3737 et
1004 3674 1147 3737 scindere
1162 3669 1354 3736 factionibus
1369 3666 1486 3730 civita·

360 3755 440 3816 tem.
458 3752 598 3822 'thomae
609 3760 755 3827 doctrina
770 3760 954 3827 summatim
966 3756 1166 3842 exponenda.
1179 3757 1319 3843 Tyranm
1333 3759 1485 3820 exaucto·

360 3839 453 3942 randi
464 3839 512 3906 ius
527 3846 652 3911 nationi
667 3851 862 3926 conceditur;
875 3850 1083 3934 Tarquinium
1095 3850 1149 3915 ille
1159 3851 1316 3914 memorat
1327 3843 1485 3910 etDomi-

360 3932 497 4004 tranum,
514 3934 602 4000 cuius
617 3942 687 4004 acta
703 3956 722 4002 a
737 3945 848 4005 senatu
862 3939 994 4005 rescissa
1016 3944 1103 4007 sunt:
1120 3937 1182 4004 boc
1197 3942 1303 4003 autam
1318 3934 1352 3997 in
1368 3937 1483 4014 aperta

362 4019 487 4120 tantum
503 4023 684 4106 tyrannide
701 4045 766 4091 non
781 4029 970 4112 aliquomm,
982 4028 1032 4097 vel
1043 4027 1233 4103 factionum,
1249 4025 1304 4092 sed
1318 4020 1485 4087 universae

362 4109 465 4208 gentis
471 4112 641 4188 sententia3
652 4131 717 4179 nnn
723 4116 868 4182 civilibus
879 4116 989 4194 armis;
998 4122 1031 4184 et
1037 4117 1166 4201 quidem
1179 4111 1382 4186 inextremis,
1396 4107 1483 4173 nulla

361 4210 424 4257 ram
437 4195 497 4260 alia
512 4200 621 4266 salutis
634 4219 690 4284 spe
705 4202 876 4287 affulgente
890 4205 945 4292 (al.
964 4206 1157 4275 Deferantur
1179 4201 1326 4289 querelae
1341 4198 1381 4262 ab
1399 4197 1484 4262 infe-

437 4335 478 4409 (a)
492 4335 618 4394 Subiecta
635 4352 688 4397 as.
704 4340 807 4399 Thomu
825 4342 1058 4417 circumstantiae,
1072 4359 1167 4402 omnes
1180 4342 1342 4404 retinendae
1354 4351 1430 4416 aunt,
1448 4361 1482 4402 na

362 4407 428 4468 falsa
441 4410 541 4469 evadat
555 4415 701 4473 sententia.
713 4418 802 4486 Quum
815 4433 880 4477 vero
894 4417 956 4478 illae
970 4422 1014 4478 vix
1027 4419 1356 4551 concurrantmqninalir
1374 4418 1479 4478 doctri·

362 4499 397 4540 na
410 4485 471 4542 huic
489 4487 598 4546 Gerdilii
612 4490 640 4547 bt
653 4492 763 4549 omnino
781 4507 899 4552 consona
913 4501 941 4554 et
955 4494 1095 4566 parallelo:
1114 4516 1125 4546 n
1141 4493 1221 4554 Nulla
1236 4511 1293 4552 sve
1310 4494 1336 4552 in
1350 4495 1475 4567 privatis,
1594 4543 1595 4563 ,

362 4559 419 4615 slva
433 4561 459 4616 in
473 4563 531 4636 ipsa
543 4568 745 4643 communitate,
760 4567 877 4629 facultas
890 4575 937 4631 aut
949 4571 992 4632 ius
1006 4573 1129 4662 remanet
1141 4569 1285 4632 resistendi
1299 4571 1425 4645 principi,
1444 4586 1475 4629 a·
