3228 5280
421 291 487 360 328
864 309 957 354 ranan
974 306 1020 353 ιιι.

381 457 592 526 constituunt.
607 457 721 524 Nonne
740 456 901 528 haetenus,
920 455 1040 540 llomae
1057 451 1149 516 liberi
1165 458 1237 517 sunt
1248 451 1370 525 ludaei,
1387 451 1451 516 elsi
1463 452 1499 514 il-

385 550 487 614 lornm
505 547 608 611 cultus
622 543 799 610 christiano
815 561 877 608 non
894 543 1102 624 coaequetur?
1119 540 1222 620 Quum
1239 546 1359 614 autem,
1380 541 1499 622 vulgari

383 653 545 710 sermone,
564 634 706 700 cultuum
722 633 849 698 libertas
861 638 893 697 et
910 632 1081 712 aequalitas
1096 649 1154 713 pro
1171 649 1233 694 nno
1249 630 1444 702 habeantur,
1460 631 1501 694 ri·

383 727 521 791 dandum
535 741 576 788 an
589 723 643 788 illo
655 722 723 787 iure
736 721 872 786 naturali
885 726 917 784 et
928 719 1047 792 divino,
1060 721 1108 783 rel
1120 720 1230 783 saltem
1244 719 1377 800 politico
1385 718 1502 784 admit·

383 816 478 880 tenda
493 813 548 878 sit.

460 902 537 966 lv.
551 893 604 966 'Ab
619 893 683 965 uno
697 901 765 966 lieo
781 915 937 983 expressa,
955 902 1048 982 atque
1063 898 1100 960 ad
1116 898 1217 961 Deum
1232 914 1330 960 unum
1349 915 1501 964 conversa

386 997 509 1066 natura,
522 989 560 1054 ad
569 992 735 1072 quamdam
745 989 885 1070 adspirat
894 987 1034 1050 familiae
1043 987 1198 1052 unitatem
1206 990 1239 1051 et
1249 986 1501 1054 fraternitatem.

385 1079 470 1146 llaec
484 1084 592 1146 nostra
605 1079 715 1154 thesis,
730 1097 828 1164 quum
840 1077 881 1142 sit
893 1075 969 1140 haec
985 1075 1053 1157 ipsa
1066 1081 1195 1140 naturae
1211 1075 1335 1140 vocatio
1347 1083 1381 1140 et
1399 1079 1505 1158 perfe-

386 1170 465 1242 ctio,
483 1167 664 1232 bominibus
687 1165 875 1249 exoptanda,
892 1165 996 1246 legum
1017 1165 1169 1228 latoribus
1185 1169 1289 1230 autem
1307 1183 1369 1245 pro
1385 1167 1506 1232 viribus

387 1257 613 1340 conquirenda.
633 1256 746 1321 lnboe
763 1254 918 1319 naturalia
936 1259 969 1318 et
986 1253 1092 1318 divina
1106 1261 1140 1319 et
1156 1254 1287 1335 politica
1304 1253 1376 1317 iura
1392 1273 1507 1320 conre-

388 1347 480 1411 niant
496 1363 620 1410 necesse
635 1351 696 1418 est,
714 1361 809 1426 quum
834 1348 980 1407 naturam
996 1342 1091 1414 alere,
1110 1341 1230 1417 fovere,
1248 1348 1344 1425 atque
1361 1345 1402 1407 ad
1418 1363 1506 1407 suam

388 1437 543 1499 adducere
566 1435 793 1516 perfectionem
810 1437 843 1496 et
858 1431 1057 1504 felicitatem,
1077 1431 1119 1494 sit
1134 1431 1250 1494 iurium
1267 1432 1418 1496 omnium
1435 1434 1507 1496 finis

389 1531 422 1590 et
434 1523 583 1589 officium.
599 1523 699 1605 Atqui
715 1521 795 1586 hane
812 1521 897 1585 foret
910 1518 1087 1583 animorum
1104 1526 1136 1585 et
1148 1521 1287 1584 civitatis
1303 1521 1508 1587 concordiam

389 1620 484 1698 atque
500 1612 655 1677 unitatem
672 1612 777 1677 unitas
789 1609 965 1690 religionis,
980 1626 1041 1690 qua
1054 1610 1136 1672 Deus
1148 1609 1181 1672 in
1194 1607 1306 1674 eodem
1319 1611 1446 1692 templo
1459 1631 1511 1676 re-

391 1703 449 1766 luti
466 1702 499 1765 in
517 1701 625 1764 eadem
639 1701 773 1774 familia,
785 1699 824 1761 ab
837 1696 948 1762 iisdem
961 1697 1124 1770 fratribus,
1136 1699 1311 1778 iisdemque
1327 1699 1448 1764 ritibus
1459 1719 1512 1764 re-

391 1796 532 1864 neratur,
546 1807 626 1853 unus
641 1790 783 1854 omnium
797 1794 898 1868 pater.
910 1785 1045 1864 Familia
1059 1791 1091 1850 et
1103 1787 1214 1872 civitas
1227 1788 1339 1852 scissae
1352 1795 1442 1864 sunt,
1453 1789 1511 1852 bac

391 1880 483 1943 scissa
499 1879 636 1964 unitate.

479 1967 521 2032 V.
539 1965 695 2047 Principii
711 1965 805 2034 buius
822 1983 885 2030 non
902 1962 1103 2045 ignoratione
1118 1965 1173 2030 sed
1189 1965 1407 2048 applicatione
1425 1967 1514 2031 labo-

390 2058 539 2120 raverunt
551 2064 659 2136 gentes
671 2056 831 2136 antiquae:
842 2053 1019 2119 communis
1031 2051 1148 2136 quippe
1161 2055 1264 2121 luerat
1272 2055 1329 2119 illa
1338 2056 1512 2120 duodecim

176 2163 198 2232 tt
226 2159 282 2214 cle.
298 2198 305 2226 ,
334 2154 369 2211 de
393 2145 568 2210 tabularum
584 2144 645 2208 lex:
665 2163 682 2200 ιι
696 2143 875 2224 Separatim
892 2159 985 2206 nemo
1001 2141 1230 2208 habessilDeos
1246 2143 1286 2226 l).
1301 2168 1318 2205 n
1333 2144 1511 2209 Rationem

143 2244 221 2312 Lep..
238 2236 272 2302 ll,
290 2237 317 2288 8·
391 2232 612 2296 alfertLirins:
630 2251 647 2289 ι(
662 2231 847 2296 iudicabant
863 2230 949 2295 enim
961 2231 1200 2313 prudentissimi
1214 2233 1275 2296 viri
1287 2233 1395 2298 omnis
1408 2234 1512 2298 divini

392 2321 584 2402 humanique
596 2319 687 2394 iuris,
706 2321 786 2384 nihil
799 2335 897 2403 aeque
909 2320 1123 2384 dissolvendae
1140 2321 1302 2400 religionis
1314 2340 1398 2396 esse,
1412 2341 1513 2404 quam

174 2435 199 2500 at
226 2433 256 2485 ι’.
287 2429 368 2499 ιιι,
391 2410 443 2473 ubi
462 2424 524 2473 non
542 2408 646 2492 patrio
670 2408 724 2473 sed
740 2413 871 2474 externo
885 2409 950 2472 ritu
972 2426 1036 2472 non
1051 2409 1283 2475 sacrificaretur
1298 2409 1343 2495 2).
1364 2409 1513 2476 »Cultus

145 2512 236 2578 inse,
248 2503 369 2575 xllxlll,
390 2499 468 2562 adeo
485 2517 575 2570 unus,
590 2502 626 2562 ut
636 2497 780 2564 Socrates
792 2496 939 2571 Athenis,
951 2500 1071 2564 Romae
1086 2497 1253 2564 christiani
1268 2501 1377 2581 capite
1393 2500 1513 2564 multa·

148 2587 189 2638 16.

389 2591 513 2652 rentur.
525 2585 672 2652 Cultuum
686 2587 860 2652 libertalea
877 2585 1061 2653 Costantino
1075 2587 1127 2652 rix
1139 2588 1270 2662 indicta,
1285 2605 1303 2652 a
1318 2589 1514 2672 subsequen·

390 2677 473 2742 tibus
490 2676 745 2758 imperatoribus,
761 2680 794 2741 et
808 2693 865 2757 per
880 2676 1058 2740 universam
1074 2675 1350 2760 deindeEuropam
1366 2679 1450 2742 adeo
1464 2696 1515 2740 sn-

392 2766 474 2831 blata
492 2772 559 2840 est,
578 2769 612 2830 ut
628 2765 733 2830 unitas
754 2763 918 2844 religionis
937 2765 1075 2845 primum
1092 2765 1170 2830 iuris
1186 2766 1304 2848 publici
1320 2766 1516 2830 fundamen·

392 2861 459 2919 tum
476 2854 621 2928 eraserit,
632 2873 694 2936 quo
710 2870 848 2933 europea
862 2853 968 2918 unitas
982 2859 1104 2927 exorta,
1120 2860 1216 2937 atque
1230 2855 1263 2918 in
1275 2855 1453 2920 Saracenos
1469 2854 1516 2916 ri-

392 2943 462 3024 guit
472 2943 640 3025 praecipue
652 2949 684 3008 et
696 2943 864 3008 confimata
879 2946 939 3007 est.
957 2943 1060 3023 lgitur
1075 2950 1297 3028 persenserunt
1312 2949 1440 3024 gentes,
1456 2961 1516 3023 op·

393 3033 507 3106 timum
523 3049 590 3095 esse
602 3032 742 3098 civitatis
757 3036 873 3095 statum
886 3031 919 3094 in
931 3033 1033 3096 cultus
1049 3032 1184 3099 unitate:
1199 3051 1267 3098 rem
1284 3038 1409 3098 tantum
1423 3033 1514 3098 rolu-

393 3139 474 3198 mus‚
495 3120 722 3202 applicationes
739 3138 801 3186 non
817 3119 1019 3202 inquirimus.

482 3209 542 3274 Vl.
556 3210 704 3274 Eoontra
717 3209 855 3273 cultuum
869 3228 952 3275 nunc
964 3211 1093 3274 libertas
1104 3231 1163 3294 pro
1177 3214 1245 3276 iure
1257 3211 1404 3289 gentium
1415 3209 1514 3274 effer·

395 3307 458 3365 tur.
467 3299 564 3372 Haeo,
575 3299 693 3379 primo,
703 3299 824 3379 gratior
834 3299 923 3362 nobis
933 3301 1023 3364 fleret
1033 3317 1068 3364 ac
1080 3302 1214 3373 suavior,
1226 3302 1286 3364 uisi
1300 3304 1515 3382 aprotestan·

395 3389 478 3452 tibus
494 3388 570 3469 ipsis
585 3389 667 3452 unde
692 3392 762 3452 orta
778 3392 842 3460 est,
862 3405 879 3450 a
895 3389 1092 3470 philosophis
1115 3390 1228 3455 deinde
1249 3395 1283 3453 et
1299 3386 1514 3469 llobcspierio

396 3481 517 3542 tantam
535 3476 696 3558 sanguinis
711 3478 911 3562 ‘sanctionem
927 3477 1107 3552 habuissel;
1126 3498 1210 3543 nunc
1225 3483 1331 3542 autem
1348 3477 1512 3542 fraudibus

396 3570 451 3630 aul
466 3566 634 3641 violentiis
650 3565 797 3633 America
814 3565 919 3629 forsan
935 3573 1077 3651 excepta,
1092 3586 1155 3632 non
1172 3566 1440 3650 patrocinaretur.
1462 3569 1513 3628 An

397 3655 520 3718 sincera
538 3655 665 3722 libertas
681 3656 714 3718 in
732 3654 903 3720 Germania
918 3658 1053 3736 passim,
1072 3657 1155 3736 apud
1170 3656 1359 3728 Britannos,
1378 3655 1512 3736 Belgas,

272 3809 274 3814 ,
397 3744 574 3808 Helvetioos
588 3746 638 3810 vel
652 3744 861 3824 Subalpinosl
873 3745 1020 3810 Britanni
1037 3745 1138 3810 verbis
1153 3746 1284 3808 liberam
1302 3744 1452 3817 ederunt,
1467 3742 1515 3806 fa·

398 3831 458 3894 ctis
470 3835 575 3895 autem
591 3836 705 3896 vexant
720 3833 909 3897 catholicam
926 3834 1126 3914 religionem:
1138 3833 1306 3914 quotannis
1313 3835 1419 3914 Papae
1433 3833 1515 3895 ima·

398 3937 438 4000 go
450 3918 527 3982 diris
550 3927 582 3985 et
594 3920 729 3985 flammis
744 3921 923 3996 devoratum
938 3923 1006 4004 lege
1020 3924 1096 3986 anni
1111 3920 1210 3996 1852,
1225 3923 1365 4004 episcopi
1380 3939 1454 3986 suos
1468 3923 1515 3984 rel

398 4007 508 4075 titulos
524 4014 728 4082 assumentes,
748 4027 820 4074 aere
843 4015 876 4074 et
890 4019 1027 4092 corpore
1039 4012 1233 4091 plectuntur.
1252 4011 1369 4092 Gallia,
1389 4009 1444 4074 ιίιι
1458 4011 1516 4074 sub

397 4097 555 4184 praesenti
567 4097 946 4172 dominatione,ooncilia
959 4100 1101 4174 ineundi,
1113 4104 1145 4164 et
1157 4101 1261 4181 aliqua
1273 4099 1406 4165 docendi
1421 4099 1518 4163 liber-

401 4193 470 4254 tate
486 4188 599 4254 utitur.
610 4185 652 4252 Ut
668 4191 790 4251 constet
806 4205 865 4269 qua
882 4189 961 4270 apud
973 4190 1085 4270 Belgas
1102 4189 1246 4255 liberales
1262 4189 1407 4254 homines
1425 4194 1517 4252 utan-

402 4283 453 4341 tur
469 4278 626 4361 aequitate
645 4276 679 4338 in
695 4275 884 4350 catholicos,
903 4283 972 4342 acta
988 4280 1169 4343 recolantur
1190 4286 1262 4359 post
1277 4297 1394 4342 annum
1411 4274 1513 4341 18l7.

401 4365 489 4445 Quae
501 4369 535 4432 in
548 4364 790 4434 ecelesiasticam
803 4366 994 4440 libertatem,
1010 4367 1236 4451 bominumque
1251 4367 1455 4450 dignitatem,
1470 4384 1520 4430 re-

401 4454 478 4535 liqui
490 4462 620 4537 peccant
631 4454 770 4537 scriptis.
780 4459 812 4520 et
825 4455 928 4530 iactis,
940 4461 972 4520 et
985 4455 1117 4537 legibus,
1125 4458 1246 4537 rapinis
1257 4456 1393 4537 denique
1405 4462 1440 4521 ct
1453 4456 1521 4520 exi-

402 4540 464 4617 liis,
479 4543 537 4625 ipsi
552 4548 749 4612 detestantur
761 4545 926 4624 liberiores
941 4546 1098 4622 homines,
1114 4546 1270 4613 libertatis
1286 4563 1407 4622 amore,
1424 4562 1521 4628 quam
