3222 5282
425 351 447 417 l
735 366 868 418 arrosus
884 362 1149 414 ranusrurunms.

470 517 560 582 Vlll.
579 513 662 580 luris
677 514 793 596 privati
813 519 846 579 ct
861 512 978 594 publici
994 511 1164 576 discrimen
1183 509 1358 592 praesensit
1374 507 1500 576 Cicero.

379 603 617 670 Tractationem
633 604 720 674 enim
736 602 774 666 dc
789 601 926 682 Legibus
939 619 1079 676 exorsus,
1097 597 1215 682 inquit:
1234 617 1252 657 a
1269 596 1354 676 Quid
1368 603 1417 665 est
1432 606 1505 666 tan-

379 698 447 758 tum
459 699 612 777 quantum
631 693 680 758 ius
699 690 839 758 civitatis
849 690 909 775 (ios
919 687 1110 773 poblicum?
1130 687 1215 768 Quid
1226 691 1333 752 autem
1351 691 1424 752 tam
1434 689 1503 756 exi·

379 800 487 863 guum,
508 800 604 863 quam
618 786 666 847 cst
678 797 791 848 munus
803 797 913 843 eorum
925 779 981 861 qui
991 777 1199 843 consuluntur
1209 775 1270 862 (ius
1277 776 1502 862 privatumlfn

379 870 597 953 Prosequitur:
617 869 860 950 «Quamobrem
876 886 938 950 quo
953 885 1005 932 me
1019 867 1126 933 vocas?
1138 870 1204 930 Aut
1219 865 1296 948 quid
1310 867 1443 931 ortaris?
1459 867 1504 934 Ut

261 1001 265 1013 ·
380 957 502 1024 libellos
517 958 684 1024 conficiam
699 959 738 1023 de
751 956 999 1032 stillicidiorum,
1014 972 1050 1020 ac
1061 956 1101 1020 de
1112 955 1271 1036 parietum
1285 954 1372 1018 iure?
1387 959 1453 1021 Aut
1468 961 1505 1022 ut

378 1047 622 1129 stipulationum
641 1051 674 1111 et
685 1046 875 1111 iudiciomm
888 1044 1039 1110 formulas
1056 1044 1261 1127 componam?
1273 1043 1362 1124 Quae
1381 1048 1414 1109 et
1426 1063 1504 1110 con-

378 1137 494 1219 scripta
506 1140 580 1202 sunt
595 1153 613 1199 a
629 1135 737 1200 multis
748 1135 919 1215 diligenter
932 1139 965 1199 et
980 1131 1231 1198 sunthumiliora
1243 1149 1338 1215 quam
1353 1132 1406 1197 illa
1422 1151 1504 1216 quae

378 1224 497 1289 avobis
510 1225 670 1306 expectari
681 1228 768 1305 puto.
786 1245 804 1285 »
814 1223 898 1288 llaec
912 1226 984 1287 cu'm
1000 1221 1049 1286 ius
1064 1221 1223 1304 privatum
1231 1226 1373 1304 spectent
1389 1223 1437 1286 vel
1453 1223 1505 1287 fo-

378 1330 481 1386 rense,
503 1311 665 1392 subiungit
685 1313 821 1378 Marcus:
841 1310 1069 1390 «Quaeramus
1084 1310 1198 1374 iisdem
1220 1311 1260 1375 de
1275 1310 1367 1376 rebus
1382 1310 1506 1395 aliquid

175 1411 196 1482 ll
224 1412 293 1481 cte,
321 1409 357 1466 de
374 1417 523 1476 cosmus,
540 1417 636 1481 quam
653 1400 786 1465 forensis
801 1413 873 1464 usus
888 1400 1045 1466 desiderat
1062 1398 1104 1482 l).
1125 1422 1143 1463 n

132 1491 212 1561 Lesa
228 1487 250 1558 ¹2
267 1487 294 1558 ⁴7
307 1489 333 1540 ⁵·
465 1489 525 1555 lx.
539 1485 687 1554 Ciceroni
698 1487 805 1572 itaque
816 1487 977 1570 quiddam,
988 1487 1165 1555 forensibus
1176 1487 1446 1569 disputationibus
1460 1491 1509 1554 al-

376 1579 440 1644 tius
455 1595 491 1643 ac
507 1578 711 1662 praeclarius,
727 1582 777 1644 est
791 1578 841 1642 ius
857 1578 1017 1659 publicmn
1032 1577 1082 1643 vel
1097 1576 1249 1643 civitatis.
1271 1577 1319 1642 lle
1334 1578 1423 1643 cuius
1438 1584 1510 1646 tra-

377 1667 473 1732 dendi
489 1668 614 1734 ratione
629 1668 707 1733 haec
723 1668 921 1733 nobilissime
935 1666 1159 1751 praecipiebat:
1179 1685 1197 1725 «
1210 1667 1282 1732 Non
1295 1683 1372 1748 ergo
1384 1683 1402 1730 a
1414 1683 1511 1750 prae-

378 1757 457 1820 toris
472 1756 591 1832 edicto,
607 1760 644 1821 ut
658 1757 802 1842 plerique
817 1775 914 1832 nunc;
934 1774 1034 1839 neque
1050 1773 1068 1818 a
1082 1755 1147 1820 llll
1164 1753 1290 1827 tabulis,
1309 1760 1344 1820 ut
1358 1755 1510 1836 superio-

378 1861 440 1921 res3
454 1845 507 1908 sed
518 1845 644 1927 penitus
656 1863 696 1910 cx
707 1846 822 1910 intima
833 1845 1035 1928 philosophia
1047 1841 1254 1908 hauriendam
1274 1843 1354 1926 iuris
1366 1843 1511 1926 discipli-

379 1949 453 1996 nam
476 1939 580 2012 putas.
607 1935 680 2000 Non
696 1934 783 1997 enim
799 1934 832 1997 id
847 1933 1027 2017 quaerimus
1042 1932 1102 1997 boc
1117 1948 1277 2006 sermone,
1299 1932 1511 2013 quemadmo-

377 2020 452 2083 dum
469 2037 633 2085 caveamus
647 2022 682 2084 in
698 2021 768 2086 iure
784 2022 920 2105 meinata
935 2021 983 2084 ccl
998 2018 1143 2105 forense),
1160 2024 1215 2085 aut
1230 2019 1307 2100 quid
1329 2021 1369 2084 de
1383 2037 1511 2103 quaque

378 2108 611 2174 consultatione
627 2109 881 2192 respondeamus.
900 2108 961 2174 Sed
977 2109 1066 2174 nobis
1081 2108 1128 2175 ita
1142 2108 1382 2190 complectenda
1398 2109 1433 2172 in
1449 2107 1511 2171 bac

380 2197 594 2280 disputatione
610 2203 678 2264 tota
692 2215 785 2263 causa
801 2204 848 2264 est
864 2197 1004 2261 universi
1019 2195 1098 2262 iuris
1109 2215 1145 2263 ac
1157 2197 1275 2278 legum,
1289 2202 1326 2263 ut
1337 2197 1400 2262 hoc
1411 2195 1512 2261 civile

382 2287 466 2367 quod
479 2287 626 2362 dicimus,
644 2286 679 2350 in
694 2303 826 2368 parvum
841 2285 1010 2369 quemdam
1025 2290 1059 2350 et
1076 2289 1244 2368 angustum
1261 2287 1364 2350 locum
1379 2284 1514 2349 conclu-

383 2374 487 2440 datur.
511 2376 633 2443 Natura
647 2375 735 2440 enim
749 2376 828 2441 iuris
842 2373 1027 2457 explicanda
1042 2379 1091 2441 est
1106 2375 1210 2450 uobis,
1233 2392 1335 2458 eaque
1348 2373 1388 2438 ab
1404 2372 1515 2437 bomi-

154 2479 252 2552 alnoo.
263 2480 359 2554 cit.,5.
386 2464 435 2527 nis
452 2464 623 2544 repetenda
640 2468 752 2529 natura
768 2462 812 2547 2).
831 2487 849 2528 a

474 2549 519 2617 x.
536 2551 623 2631 Quid
637 2569 713 2633 ergo
730 2552 770 2617 de
785 2553 854 2618 iure
870 2556 1003 2616 naturae
1018 2557 1051 2618 et
1066 2551 1222 2633 gentium,
1240 2550 1305 2617 sive
1320 2550 1360 2615 de
1375 2549 1448 2613 iure
1465 2548 1522 2614 ci-·
1562 2621 1565 2626 ,

386 2640 494 2705 vitatis
509 2641 741 2724 inquirentibus
757 2641 819 2706 erit
834 2639 1005 2723 agenduml
1020 2639 1211 2708 Universalis
1225 2638 1382 2714 iustitiae,
1403 2639 1514 2718 legum

383 2733 416 2794 ct
428 2730 604 2794 officiorum
617 2729 721 2795 fontes
733 2735 827 2795 erunt
837 2728 1032 2814 recludendi:
1052 2729 1135 2792 unde
1151 2727 1364 2810 pulcherrima
1376 2732 1516 2792 naturae

383 2817 600 2890 rationalis,et
612 2817 756 2882 universa
768 2817 930 2882 societatis
939 2815 1427 2891 ordinatio,sanitasetfelicitas
1439 2814 1518 2877 illu·

344 2953 355 2978 ,
384 2903 631 2972 cessassemus
639 2905 832 2988 meritoquis
841 2923 897 2968 nos
905 2904 1082 2970 sacerdotes
1090 2903 1412 2987 appellet.lustitiam
1422 2919 1518 2966 narn·

384 3012 446 3075 que
461 2995 608 3069 colimus,
633 3000 667 3060 et
680 2994 756 3059 boni
773 3000 806 3060 et
821 2993 912 3076 aequi
929 2992 1080 3058 notitiam
1093 2993 1291 3074 profitemur,
1318 3009 1458 3073 aequum
1475 2991 1519 3054 ab

384 3082 496 3166 iniquo
508 3088 700 3166 separantes,
715 3084 838 3163 licitum
851 3083 890 3147 ab
902 3082 1017 3147 illicito
1028 3084 1241 3156 secernentes3
1254 3081 1368 3154 bonos,
1383 3097 1450 3142 non
1463 3096 1521 3142 so-

385 3172 451 3236 lum
466 3178 555 3239 metu
569 3189 755 3256 poenarum,
778 3171 1000 3238 verumetiam
1017 3170 1231 3251 praemiorum
1247 3185 1373 3251 quoque
1396 3168 1521 3231 exhor-

385 3263 520 3339 tatione,
536 3263 659 3327 efficere
670 3263 847 3343 cupienten
861 3278 980 3334 veram,
995 3258 1058 3322 nisi
1070 3257 1173 3330 fallor,
1187 3253 1438 3339 philosophiam,
1449 3273 1521 3318 non

161 3345 233 3432 alth.
244 3345 304 3417 l,ti,
317 3344 364 3402 lib.
386 3349 568 3416 simulatam
583 3350 767 3416 affectantes
782 3347 826 3430 3).
846 3372 864 3411 a
881 3349 964 3414 Hinc
979 3344 1060 3410 illud
1075 3345 1230 3424 pandetur
1244 3341 1424 3416 criterium,
1449 3361 1522 3407 non

139 3422 162 3493 ἶ,
179 3427 222 3478 tn.
237 3422 257 3494 Ι,
273 3426 289 3486 i
308 3422 332 3477 ¹·
387 3437 628 3516 publicistarum
643 3438 751 3510 modo,
768 3435 823 3499 sed
838 3433 1061 3500 etforensium
1075 3431 1228 3506 virorum,
1253 3447 1315 3512 quo
1331 3433 1364 3492 et
1379 3433 1523 3495 naturae

387 3523 547 3596 instituta,
562 3529 595 3589 et
606 3539 746 3587 summae
764 3522 867 3601 legum
882 3521 1033 3592 rationes,
1046 3518 1202 3598 simulque
1216 3523 1321 3583 rectae
1335 3533 1449 3580 earum
1466 3518 1524 3581 in-

386 3611 646 3692 terpretationes,
664 3627 728 3674 uno
744 3610 846 3674 ferme
861 3608 982 3673 intuitu
997 3604 1233 3688 pervideantur.
1248 3625 1266 3664 a
1279 3605 1322 3671 Et
1333 3604 1390 3686 qui
1402 3604 1521 3681 aliter,

387 3699 551 3763 universos
574 3702 684 3763 monet
704 3697 828 3772 Cicero,
853 3696 901 3760 ius
916 3695 1009 3762 civile
1024 3692 1166 3767 tradunt,
1191 3711 1255 3757 non
1271 3697 1338 3757 tarn
1352 3691 1521 3768 iustitiae,

142 3868 165 3938 Ι,
180 3794 210 3922 i,-
222 3794 265 3848 De
279 3794 344 3864 My·
359 3835 365 3866 ²
389 3787 648 3951 qusmfflnffir
660 3782 1011 3960 irtaiicipiovsiiiuiihiinc
1026 3871 1122 3934 linem
1136 3883 1348 3948 assequamur,
1374 3864 1527 3933 bominis

389 3964 535 4026 naturam
552 3964 779 4047 inspiciendam
793 3963 994 4045 suscipimus:
1011 3973 1108 4040 quum
1119 3955 1263 4020 homines
1274 3954 1340 4018 sint
1351 3954 1409 4034 qui
1421 3954 1526 4019 fami-

389 4047 479 4122 liam,
491 4051 604 4118 deinde
616 4053 913 4131 civitatem,deindc
924 4051 1035 4133 gentes
1046 4047 1140 4125 atque
1152 4042 1288 4122 imperia
1299 4043 1522 4110 constituant.

388 4135 517 4216 Triplex
541 4148 646 4208 autem
664 4149 711 4211 est
727 4143 866 4210 hominis
881 4133 1107 4207 consideratio,
1132 4129 1182 4192 vel
1196 4133 1350 4210 aspectus.
1369 4128 1523 4209 Scilicet,

390 4223 496 4286 anima
512 4227 578 4311 ipse
595 4231 723 4310 fruitur,
746 4251 809 4317 qua
824 4231 885 4298 Ilei
899 4226 1000 4294 refert
1013 4215 1187 4296 imaginem
1206 4220 1239 4278 et
1254 4215 1523 4295 similitudinem

389 4325 525 4392 corpore
540 4319 641 4386 utitur
660 4322 740 4408 (non
758 4315 903 4401 fruitur),
930 4313 970 4376 ad
984 4305 1175 4373 exteriorem
1190 4302 1289 4404 vitam
1305 4305 1468 4383 agendam
1485 4323 1524 4372 ac

389 4402 586 4482 servandam
597 4408 736 4487 demum,
746 4411 898 4478 Creatore
906 4401 978 4483 ipso
985 4391 1171 4476 impellente
1179 4390 1227 4454 rel
1234 4389 1377 4464 rubente,
1392 4393 1527 4459 inalio.

390 4503 461 4549 rum
477 4493 629 4562 socictate
643 4499 861 4569 constituitur,
877 4496 914 4555 ut
929 4479 1093 4560 communi
1108 4477 1250 4542 omnium
1261 4476 1439 4556 adiutorio,
1449 4483 1525 4546 ani-

376 4589 458 4638 anae
474 4584 675 4672 corporisque
685 4588 849 4654 facultates
859 4578 1056 4647 evolvantur,
1067 4565 1279 4648 expoliantur,
1291 4565 1522 4645 perficiantur.
