3238 5282
614 283 749 336 rrrocns
766 287 788 333 r.
1151 264 1216 332 233

225 429 285 500 lX.
302 429 362 498 Sed
378 431 454 496 dum
466 429 505 495 ab
516 429 707 508 bominibus,
721 435 879 497 nonnette
891 429 930 494 ab
942 428 1091 494 omnibus
1102 428 1155 496 iila
1168 447 1259 498 eaet-

134 523 233 587 ccndn
247 520 461 586 concreditur.
478 521 573 596 Nam,
591 519 667 584 dum
684 520 854 605 imperium
869 518 961 595 dicis,
970 523 1005 584 et
1017 517 1159 584 subditos
1175 518 1260 585 altir-

135 627 215 686 mas3
226 615 259 676 et
270 611 347 674 dum
358 610 525 692 politicum
537 610 586 674 ius
597 610 762 691 politicam
775 608 917 692 exquirit
928 607 1147 691 prudentiam,
1158 625 1257 692 aeque

134 717 171 764 ao
187 701 355 764 consilium
372 703 468 781 atque
489 698 668 779 ingenium,
687 699 764 764 baec
780 697 912 781 regendi
930 696 1123 762 adminicula
1139 697 1256 762 trustra

135 788 175 852 ab
190 788 336 853 universa
353 791 502 869 expectas
514 787 733 854 multitudine.
746 787 903 854 Estenim
916 785 1027 868 vulgus
1040 805 1058 846 u
1071 785 1141 850 sine
1152 788 1257 853 reato-
1301 821 1323 893 U
1337 819 1403 878 T„
1418 825 1493 884 Hm·

134 875 700 961 repraeceps,pavidum,secors1);
722 897 772 940 aa
790 892 922 943 vacuum
937 876 1035 950 curis,
1053 879 1087 942 et
1099 875 1170 939 sine
1184 873 1256 940 ialsi
1277 895 1320 969 w,
1337 896 1384 955 ei.
1499 869 1506 898 ⁷

135 965 266 1049 verique
281 965 479 1041 discrimine,
497 965 606 1031 totitas
625 965 824 1035 adulationes
839 965 988 1031 mactum
1004 961 1058 1049 bit
1074 981 1095 1028 u
1115 983 1132 1025 n
1150 964 1256 1030 cuius-
1296 972 1324 1047 ²l
1346 975 1386 1031 ld.
1407 977 1504 1048 Hice,

134 1070 270 1137 cumque
285 1057 391 1118 motus
402 1054 477 1119 novi
488 1054 640 1138 cupidum
648 1049 692 1139 3);
705 1055 800 1118 »uad
812 1052 973 1119 deteriora
984 1051 1223 1138 prompserunt
1236 1076 1254 1116 u
1277 1047 1313 1117 ΙΙ,
1327 1051 1374 1106 9⁰·

137 1163 155 1202 «
174 1143 328 1208 mutabile
343 1142 470 1218 subitis,
480 1147 514 1209 et
528 1148 595 1210 tam
610 1159 746 1225 pronum
759 1143 793 1208 in
806 1142 1071 1220 misericordiam,
1086 1159 1181 1225 quam
1195 1143 1259 1210 im·
1297 1122 1325 1197 θ’
1345 1125 1387 1184 ¹⁶·
1403 1127 1480 1184 ΗΜ·
1499 1170 1505 1201 ι

101 1316 103 1320 .
136 1231 298 1311 modicum
312 1232 444 1298 saevitia
459 1230 504 1316 b).
523 1253 542 1294 n
558 1232 642 1296 Dum
656 1235 763 1298 autem
780 1249 798 1292 a
815 1249 880 1296 non
895 1236 942 1298 est
956 1231 1127 1298 consilium
1143 1231 1176 1296 in
1191 1233 1258 1298 rui·
1278 1199 1366 1344 ¹’,ffi
1383 1275 1493 1338 Anna,

137 1339 191 1402 go,
209 1337 274 1384 nou
289 1321 388 1397 ratio,
403 1337 466 1386 non
479 1320 665 1395 discrimen,
676 1339 739 1386 non
752 1321 918 1402 diligentia
930 1317 974 1404 6),
995 1321 1077 1392 used
1093 1337 1258 1404 aequara-
1278 1349 1335 1422 qv,
1350 1319 1399 1410 θλ,
1500 1321 1507 1351 ‘

136 1411 189 1491 gia
209 1409 266 1473 ilia
282 1409 394 1485 virtus,
412 1427 493 1494 quae
509 1408 692 1493 passionum
706 1411 844 1493 impetus
859 1415 999 1485 coercet,
1017 1415 1055 1474 ut
1073 1409 1256 1475 dominetur
1298 1425 1325 1497 at
1345 1427 1385 1486 td.
1402 1432 1481 1488 Hice.
1499 1473 1507 1501 ,

139 1499 192 1562 lex
206 1503 240 1564 et
256 1499 396 1563 iustitia:
415 1499 482 1564 imo
498 1517 516 1559 n
531 1498 651 1565 nullum
666 1498 858 1580 protundum
874 1515 974 1574 mare,
993 1499 1117 1562 nullum
1132 1502 1256 1563 vastum
1278 1501 1300 1574 i,
1315 1504 1361 1559 59.

138 1587 258 1658 iratum
271 1591 303 1652 et
310 1587 519 1670 procellosum
532 1591 638 1672 tantos
650 1588 714 1654 ciet
725 1587 847 1663 fluctus,
855 1593 991 1669 quantos
1004 1586 1175 1652 multitudo
1187 1603 1257 1651 mo-
1297 1576 1325 1648 ssl
1344 1579 1433 1672 dicer.
1453 1596 1510 1655 nro

140 1681 191 1741 tus
208 1677 316 1752 babet,
336 1676 445 1760 utique
459 1677 487 1742 si
504 1693 585 1742 nava
607 1679 640 1742 et
655 1676 744 1742 brevi
760 1678 912 1752 duratura
937 1676 1086 1740 libertate
1101 1675 1253 1753 luxuriam
1278 1650 1414 1712 P'Wffl'

139 1767 346 1848 poenitetque
361 1782 432 1830 eam
447 1765 539 1830 modo
554 1765 696 1838 consilii,
713 1767 807 1830 modo
822 1764 1043 1848 poenitentiae
1058 1764 1160 1846 ipsius
1176 1762 1220 1848 7).
1237 1785 1254 1826 n
1299 1769 1324 1843 i)
1337 1774 1369 1842 Q.
1385 1775 1507 1846 Curtius,

138 1855 224 1935 Ergo
237 1854 485 1929 multitudo,sua
497 1853 597 1935 ipsius
608 1854 803 1930 conditione,
815 1856 855 1919 ab
867 1854 1044 1918 exercendo
1056 1853 1258 1934 imperioex-
1278 1844 1325 1903 in.
1340 1851 1374 1904 X.

137 1943 289 2017 cluditur,
299 1944 363 2006 nisi
375 1943 548 2025 imperium
559 1947 592 2008 et
603 1943 789 2009 societatem
804 1942 897 2019 iuris,
906 1943 941 2007 in
951 1946 1172 2026 tempestatem
1184 1959 1259 2006 con-

138 2032 222 2096 verti
238 2031 400 2096 malueris.

166 2131 169 2138 ⁴
227 2121 272 2186 X.
290 2121 387 2196 Hinc,
402 2120 437 2188 in
449 2119 725 2202 Epinomidt'tiine
736 2122 880 2188 decernit
891 2121 984 2188 Plato
1002 2142 1020 2182 n
1037 2127 1073 2186 ut
1085 2119 1123 2184 ad
1136 2119 1258 2203 eosqui

138 2226 297 2272 summam
312 2211 463 2280 virtutem
478 2209 587 2291 adepti
602 2210 679 2286 sint,
697 2225 819 2275 summa
835 2212 882 2275 rei
895 2211 1041 2292 publicae
1053 2211 1192 2292 dignitas
1203 2210 1258 2274 de-

140 2298 274 2373 teratur,
285 2316 357 2362 eum
372 2299 507 2363 senilem
523 2302 631 2364 tamen
646 2303 784 2365 aetatem
800 2299 987 2382 adtigerint.
1000 2321 1017 2361 u
1034 2293 1115 2365 Tum
1127 2316 1169 2362 err·
1177 2297 1258 2364 Var-

139 2387 227 2452 ronis
243 2386 428 2452 testimonio
442 2387 558 2452 recitat
572 2389 781 2469 Augustinus:
798 2409 815 2450 r<
833 2390 1028 2472 Pythagoras
1042 2387 1200 2469 regendae
1210 2387 1258 2451 rei

139 2476 284 2556 publicae
298 2476 499 2559 disciplinam
514 2476 580 2540 suis
594 2476 791 2543 auditoribus
805 2479 951 2543 ultimam
966 2477 1112 2542 tradebat
1127 2477 1193 2540 iam
1203 2475 1259 2540 do-

137 2564 285 2639 ctis,iam
300 2564 463 2650 perlectis,
473 2564 539 2628 iam
550 2565 759 2646 sapientibus,
770 2567 836 2632 iam
852 2566 966 2631 beatis.
982 2568 1101 2631 Tantos
1113 2565 1202 2630 enim
1213 2565 1259 2630 ibi

140 2654 253 2720 linctus
268 2653 449 2729 videbat,ut
460 2653 507 2718 eis
519 2653 621 2719 nollet
631 2657 836 2721 committere
848 2655 911 2720 nisi
924 2655 1039 2730 virum,
1050 2654 1105 2737 qui
1117 2659 1155 2719 et·
1164 2654 1199 2716 in
1210 2671 1261 2718 re·

141 2743 246 2822 gendo
257 2759 337 2824 pane
348 2741 454 2807 divine
466 2741 609 2826 scopulos
620 2744 768 2818 evitarem
778 2750 811 2810 et
822 2745 848 2808 si
861 2745 969 2810 omnia
982 2741 1262 2825 deiecissentipsc

141 2827 207 2895 illis
222 2825 368 2896 iirrctibus
383 2831 473 2912 quasi
489 2831 635 2913 scopulus
650 2833 741 2898 fieret
756 2831 800 2917 8).
814 2833 909 2915 »Ipse
927 2833 993 2897 iltis
1010 2831 1155 2914 dntibus
1169 2831 1262 2912 qunti
1302 2839 1329 2915 a)
1345 2842 1459 2916 abug,
1473 2845 1508 2901 de

140 2920 288 3000 scopulos
302 2920 405 3003 iteret!
417 2919 506 3003 ,Ergo
520 2920 658 3001 regenda
672 2921 762 3006 plebs
775 2921 950 3004 sapientem
972 2921 1033 2986 boc
1048 2921 1135 2986 illius
1150 2926 1197 2985 est
1212 2920 1262 2984 ius
1285 2917 1358 2974 ord.
1376 2921 1401 2974 in
1416 2923 1461 2976 on.

140 3101 184 3151 nst
199 3096 225 3152 in
238 3095 389 3153 bominibus
402 3109 474 3167 esse,
483 3108 533 3168 per
545 3097 618 3170 quod
632 3097 778 3154 multitudo
792 3085 913 3171 regatur.
929 3096 1021 3154 linitis
1030 3097 1106 3154 enim
1119 3095 1264 3154 existenti·

142 3171 194 3228 bus
208 3172 358 3228 bominibus
376 3177 405 3228 et
415 3185 578 3245 unoquoque
592 3171 618 3230 id
632 3172 704 3245 quod
718 3179 762 3230 est
775 3172 824 3231 sibi
837 3187 990 3245 congruum
1005 3173 1176 3246 providente,
1191 3170 1263 3230 mul-

141 3247 230 3304 titudo
243 3248 270 3303 in
284 3246 393 3304 diversa
407 3247 622 3318 dispergeretur,
631 3248 683 3304 nisi
692 3249 773 3305 etiam
783 3256 856 3305 esset
868 3248 965 3320 aliquis
977 3247 1012 3306 de
1024 3263 1058 3305 ao
1070 3249 1143 3321 quod
1163 3246 1199 3305 ad
1212 3247 1263 3304 bo·

142 3321 402 3378 nummuititudinis
417 3323 545 3398 partinet,
557 3337 652 3380 euram
665 3322 781 3399 babens,
792 3324 863 3382 sieut
875 3331 904 3380 et
915 3339 1016 3395 eorpus
1029 3324 1158 3398 bominis,
1171 3329 1200 3380 et
1212 3338 1262 3380 ou·

143 3397 253 3453 iusiibet
266 3397 380 3454 climatis
393 3397 536 3471 detineret,
557 3398 609 3455 nisi
622 3404 697 3456 asset
710 3399 798 3473 aliqua
811 3401 851 3456 ais
864 3399 977 3473 regitino
989 3401 1142 3457 communis
1156 3399 1183 3456 in
1199 3409 1263 3456 car·

144 3489 222 3542 pore,
241 3488 311 3544 quae
329 3473 364 3530 ad
377 3471 478 3528 bonnm
491 3487 643 3538 ,commune
662 3475 783 3532 omnium
803 3475 986 3534 membrorum
1002 3475 1165 3531 intenderet.
1184 3472 1263 3544 Quod

140 3546 322 3604 considerans
339 3547 467 3605 Salomon
481 3547 557 3606 dicit:
575 3569 587 3600 r
602 3549 651 3608 Ubi
665 3565 719 3608 nou
731 3555 775 3607 est
787 3550 964 3626 gubernator,
979 3549 1156 3622 dissipabitur
1173 3565 1260 3623 popu-

143 3624 198 3680 lus.
217 3645 228 3674 υ
245 3624 303 3680 iioc
316 3631 407 3680 autem
417 3623 611 3682 rationabiliter
619 3625 729 3684 accidit:
738 3641 792 3684 non
805 3627 877 3683 enim
887 3625 962 3700 ¹idem
975 3627 1018 3683 ast
1031 3625 1261 3700 quodproprium,

140 3707 170 3756 et
183 3699 257 3772 qaod
272 3713 426 3766 commuue.
437 3699 592 3758 &cundum
606 3703 714 3773 propria
727 3700 838 3774 quidam
851 3701 991 3773 differunt,
1006 3701 1158 3762 secundum
1172 3709 1263 3760 autem

141 3788 289 3832 commune
301 3776 442 3839 uniuntur:
451 3774 622 3834 diversorum
632 3782 724 3836 autem
734 3776 858 3834 diversae
866 3783 930 3834 suut
943 3779 1172 3850 musanoportet
1181 3780 1263 3852 igitur

142 3855 253 3922 praeter
263 3848 289 3906 id
299 3850 372 3923 quod
385 3852 655 3923 movetiuproprinm
663 3851 763 3910 bonum
777 3854 997 3927 uniuscuiusque,
1007 3851 1264 3930 essaaliquid,quod

142 3931 233 3982 movet
247 3925 280 3982 ad
295 3925 395 3982 bonum
415 3942 559 3984 commune
573 3926 733 3986 multorum.
748 3929 863 4000 Propter
875 3927 948 4002 quod
967 3933 996 3985 et
1010 3932 1036 3986 in
1050 3929 1176 3986 omnibus
1193 3943 1263 4004 quae

142 4001 169 4058 in
183 4015 268 4058 unum
286 4001 458 4076 ordinantur,
474 4001 577 4076 aliquid
597 4003 733 4061 invenitor
745 4003 859 4061 alterius
872 4005 1026 4077 regitivum.
1043 4005 1073 4061 ln
1091 4007 1264 4064 universitate

142 4077 215 4133 cuim
230 4091 386 4148 corporum,
401 4091 452 4150 per
464 4079 583 4149 primum
604 4093 716 4154 corpus,
731 4080 837 4137 scilicet
848 4080 979 4150 caeleste,
992 4079 1045 4137 alia
1059 4094 1176 4151 corpora
1189 4079 1264 4138 ordi-

144 4167 178 4207 ne
192 4151 310 4225 quodam
323 4151 428 4210 divinae
443 4155 624 4225 providentiae
638 4161 784 4228 reguntur,
798 4157 944 4229 omniaque
956 4171 1080 4226 corpora,
1092 4170 1143 4226 per
1154 4162 1263 4214 oreatu-

143 4242 205 4284 ram
219 4227 385 4286 rationalem.
401 4229 432 4286 in
445 4245 500 4305 uno
511 4231 594 4288 etiam
613 4231 720 4289 bomine
731 4233 820 4290 anima
837 4231 908 4306 regit
921 4247 1032 4306 corpus,
1047 4237 1130 4304 atque
1149 4233 1221 4288 inter
1232 4244 1264 4285 a·

142 4305 232 4360 nimae
245 4309 336 4374 partes
354 4305 497 4364 irascibilis
511 4312 540 4364 et
551 4306 770 4379 concupiscibilis
783 4305 886 4366 ratione
901 4312 1044 4381 reguntur.
1059 4306 1182 4380 itemque
1195 4307 1264 4365 inter

144 4377 265 4435 membra
280 4381 402 4452 corporis
414 4397 500 4440 unum
513 4389 556 4440 est
568 4384 729 4456 principale,
743 4383 816 4458 quod
829 4384 922 4442 omnia
935 4388 1075 4456 movet,ut
1088 4387 1204 4455 cor,aut
1217 4395 1265 4438 ca·

143 4460 203 4526 put.
219 4451 335 4522 Oportet
350 4456 432 4530 igitur
445 4473 506 4518 esse
520 4459 547 4518 in
560 4460 633 4518 omni
646 4459 816 4518 multitudine
830 4459 940 4534 aliquod
954 4459 1108 4533 regitirum.
1131 4477 1143 4508 n
1166 4457 1264 4515 litate·

144 4547 196 4587 nns
210 4546 234 4584 s.
246 4529 375 4588 Thomas.
719 4545 723 4552 ’
1022 4607 1065 4672 30
