3238 5282
430 309 497 379 aad
628 313 633 322 “
860 325 1020 380 mannan.

378 478 429 542 sti
445 497 508 542 non
523 482 712 542 excusantur
725 477 845 553 fideles,
855 477 931 559 quin
940 473 1136 560 principibus
1146 473 1355 541 saecularibus
1370 475 1513 544 obedire

182 581 205 654 ll
217 582 246 638 s.
259 579 312 636 rh.
328 579 364 651 ll,
387 571 555 633 teneantur
563 565 632 650 1).»
645 567 712 634 Nec
727 567 893 648 indignum
907 565 1103 649 obsequium,
1121 565 1205 652 quod
1216 565 1249 629 in
1265 566 1368 630 Deum
1383 567 1515 633 retern-

142 658 178 733 ll,
188 658 289 731 q.lol,
299 671 325 712 n.
335 657 364 711 6·
386 661 450 721 tur:
466 677 488 714 a
506 655 705 722 Christianus
721 657 839 720 nullius
854 659 902 721 est
916 655 1029 729 bostis,
1047 655 1162 720 nedum
1175 655 1393 734 imperatoris,
1407 675 1511 739 quem

387 747 489 810 sciens
503 763 526 808 e
539 744 607 810 Deo
622 745 781 822 constitui,
800 761 925 810 necesse
939 749 987 810 est
1004 748 1040 808 ut
1055 748 1089 808 et
1104 743 1206 826 ipsum
1221 742 1346 824 diligat,
1364 751 1400 810 et
1415 764 1511 812 reve·

175 844 202 917 2)
225 845 313 911 lert,
328 839 369 899 cd
380 839 505 910 rentur,
516 840 549 900 et
563 833 753 908 honoret‚et
768 835 888 899 saluum
904 851 971 898 esse
987 831 1069 912 velit,
1080 832 1124 916 d).
1136 833 1213 898 »En
1229 832 1437 900 obedientiae
1447 855 1510 917 pn-

143 919 276 996 scopet,
296 919 330 975 ¹¹·
387 923 530 998 ritatem,
549 925 727 1004 mentisque
740 923 983 994 sublimitatem,
996 940 1156 1004 nunquam
1167 927 1332 1004 repentem
1343 923 1509 989 servilita-

390 1009 468 1078 tem!
479 1013 890 1094 idemenianertullianus:
898 1011 1067 1078 «Colimus
1077 1011 1369 1093 imperatorem‚sie
1381 1018 1509 1094 etquo-

391 1102 484 1167 modo
498 1101 588 1166 nobis
603 1101 690 1178 licet,
702 1107 734 1167 ct
748 1102 811 1183 ipsi
826 1100 1012 1182 expedit‚ut
1025 1100 1188 1166 bominem
1204 1117 1221 1163 a
1235 1100 1302 1164 lien
1313 1102 1504 1180 secundum,

182 1194 209 1268 al
225 1191 293 1250 lbtd.
389 1197 422 1256 et
437 1191 588 1274 quidquid
603 1195 663 1266 est,
681 1207 699 1254 a
714 1192 781 1255 Deo
797 1184 1011 1264 consecutum,
1028 1196 1062 1255 et
1076 1189 1145 1253 solo
1160 1190 1228 1254 Deo
1245 1189 1402 1254 minorem
1419 1188 1467 1273 3).
1486 1217 1505 1256 a

389 1280 570 1347 Nervosius:
589 1299 607 1339 u
624 1281 726 1345 mum
742 1297 806 1344 non
821 1279 984 1348 mersen
999 1279 1148 1353 adorabo,
1166 1278 1269 1342 sciens
1285 1276 1508 1346 deessemus

176 1389 203 1463 l)
214 1369 456 1462 pheopprr,‚·ipso
471 1387 539 1434 esse
555 1369 737 1434 ordinatum
752 1367 797 1453 d).
814 1367 900 1433 llaec
914 1384 987 1432 vera
998 1367 1168 1450 sapientia,
1182 1384 1263 1450 quae
1274 1367 1422 1432 ordinem
1438 1388 1507 1434 ser·

145 1463 369 1542 perrumpet
389 1463 441 1530 vat
456 1464 489 1524 et
504 1458 751 1539 iura,pndenam
768 1457 831 1522 nisi
841 1475 880 1522 ex
892 1456 961 1520 inre
971 1457 1079 1522 divino
1089 1457 1329 1537 imperantium,
1340 1458 1427 1539 quod
1440 1464 1508 1524 ter-

391 1565 501 1614 renam
516 1547 682 1613 constitnit
698 1547 906 1624 maiestatem,
925 1546 979 1610 sed
993 1546 1121 1611 caelesti
1136 1545 1326 1610 subiectam?
1340 1544 1396 1630 (e).

482 1637 557 1704 XV.
574 1638 662 1702 Petis
677 1637 804 1719 insuper
818 1636 978 1717 quibusse
993 1634 1170 1700 rationibus
1184 1635 1455 1715 complectantur,
1473 1641 1506 1702 et

392 1727 488 1792 simul
503 1726 775 1799 discriminentur,
792 1724 1006 1791 Sacerdotium
1021 1729 1055 1789 et
1069 1723 1259 1805 imperium?
1271 1723 1357 1789 Unus
1372 1723 1507 1789 illorum

393 1821 513 1891 auctor,
531 1815 697 1899 qui-dixit:
707 1835 724 1874 u
734 1814 822 1894 Quae
831 1820 907 1879 sunt
922 1812 1063 1880 Caesaris
1077 1812 1217 1886 Caesari,
1226 1817 1259 1886 et
1273 1829 1353 1895 quae
1364 1815 1508 1879 snntDei

393 1907 473 1972 Deo.
488 1907 678 1985 »Domergo
689 1911 894 1968 secernuntur
901 1902 1187 1976 ministeria,unius
1193 1901 1253 1967 bei
1262 1901 1404 1966 ministri
1412 1903 1509 1967 Prin-

392 2012 467 2075 ceps
482 2000 515 2072 at
529 1993 691 2067 Sacerdos,
699 1991 818 2056 mutuis
832 1992 879 2057 ita
889 2009 924 2056 sn
935 1990 1279 2074 tovmncamplexibns
1289 1998 1325 2055 ut
1339 1991 1509 2058 ministros

307 2097 309 2104 ·
392 2084 485 2148 decet
499 2081 640 2147 eiusdem
656 2079 856 2162 imperantis.

481 2171 573 2236 xvi.
590 2169 677 2234 Petis
687 2171 813 2239 demum
825 2169 901 2252 quid
913 2169 1116 2235 conteratins
1127 2169 1270 2257 divinum
1281 2168 1323 2233 ad
1333 2168 1506 2243 iustitium,

383 2273 496 2347 pacem
511 2265 544 2324 ct
559 2257 751 2341 aequitatem
762 2259 944 2341 principum
959 2264 992 2324 et
1003 2257 1207 2342 populorum?
1214 2257 1331 2323 Divino
1342 2259 1431 2340 regit
1447 2259 1509 2323 irn-

388 2350 656 2434 pacicanosque,
674 2353 782 2412 vetans
798 2365 838 2412 ne
853 2347 1081 2429 imperantium
1102 2347 1149 2412 vis
1164 2351 1198 2412 et
1211 2351 1352 2429 potestas
1366 2349 1510 2415 exrrndet

387 2442 420 2504 in
436 2439 580 2522 pop'ulos,
591 2437 637 2501 vel
654 2437 755 2500 audax
766 2437 958 2518 populorum
970 2437 1107 2519 impetus
1122 2437 1282 2518 irrumpat
1296 2437 1331 2500 in
1343 2436 1511 2518 imperan-

388 2535 449 2595 tes.
459 2527 493 2593 Si
507 2527 593 2591 enirn
601 2526 691 2608 quies
702 2525 766 2589 nlla
773 2525 806 2589 in
815 2525 960 2610 temleri
969 2526 1212 2609 superbissimae
1219 2525 1410 2608 quandoque
1419 2543 1511 2590 men-

388 2623 448 2691 tes,
462 2621 496 2681 et
506 2615 727 2698 potentissima
740 2614 873 2695 imperia
882 2620 976 2698 atque
987 2631 1076 2679 arma
1088 2633 1237 2698 persaepe
1249 2614 1393 2680 iustitiae
1408 2615 1512 2680 ancil-

387 2707 505 2780 lantur,
527 2705 555 2768 si
571 2703 765 2786 populorum
782 2703 967 2778 multitudo.
985 2721 1073 2770 mare
1095 2703 1156 2768 hoc
1171 2704 1283 2785 lugens
1305 2708 1338 2768 et
1353 2703 1510 2778 tremens,

386 2811 555 2878 paueomrn
577 2793 700 2874 regitur
715 2793 778 2856 dde
793 2797 826 2857 ct
839 2793 1042 2867 auctoritatam
1065 2793 1095 2856 si
1110 2793 1255 2867 vivimus,
1273 2809 1338 2856 nno
1352 2793 1464 2866 serbo,
1483 2793 1513 2857 si

387 2885 542 2964 regimur,
559 2883 586 2946 si
600 2883 712 2946 eadem
727 2881 902 2964 excipimur
916 2882 1059 2955 civitate,
1076 2881 1104 2945 si
1120 2882 1218 2946 vitam
1229 2882 1357 2947 civilem
1369 2879 1510 2962 agimus,

388 2975 551 3038 cuiusnam
565 2972 603 3036 tlt
619 2982 714 3054 opera
730 2975 825 3052 atque
840 2970 990 3052 imperio,
1015 2971 1076 3034 nisi
1092 2971 1178 3034 illins
1191 2971 1247 3053 qni
1261 2970 1344 3035 mari
1359 2970 1507 3036 dixerat:

389 3063 526 3144 «Usque
542 3061 602 3124 hnc
613 3059 736 3134 nenias,
754 3064 787 3122 et
804 3077 867 3122 non
886 3059 1038 3142 procedes
1058 3061 1245 3142 amplius,et
1256 3057 1512 3142 bicconlringes

181 3147 207 3216 al
242 3145 288 3202 ¹⁰¹)
304 3187 311 3217 2
388 3156 547 3218 tumentes
561 3149 674 3218 ductus
687 3148 775 3214 tuos?
791 3147 823 3230 ὅ)
840 3171 857 3210 »

142 3223 287 3305 llxxvdl,
311 3221 352 3276 Η·
385 3266 391 3273 ·
476 3239 585 3319 llvll.
600 3237 729 3320 Populis
741 3237 842 3318 igitur
852 3242 886 3303 et
897 3236 1042 3318 imperiis
1051 3238 1175 3302 eminet
1194 3235 1243 3302 ius
1254 3236 1411 3312 divinum,
1423 3239 1509 3320 quod

390 3346 449 3394 nec
459 3329 576 3404 Numa,
587 3345 645 3392 nec
659 3325 787 3390 ethnice
801 3326 983 3391 advocasset
996 3327 1167 3409 sapientia,
1177 3326 1204 3392 si
1216 3327 1370 3408 regendae
1386 3326 1512 3392 civitati

389 3419 459 3483 iura
475 3417 671 3481 suffecissent
683 3415 912 3484 humanalmo
925 3434 983 3480 neo
994 3416 1146 3481 iurasunt
1157 3416 1325 3480 bominum
1341 3413 1389 3479 vel
1405 3415 1510 3498 impe-

390 3508 524 3580 riorum,
539 3505 566 3569 si
582 3521 600 3566 a
615 3504 762 3588 principe
777 3497 831 3568 iilo
847 3507 916 3568 iure
931 3504 1101 3569 abstineas.
1119 3505 1268 3570 Densius
1283 3508 1343 3568 est:
1358 3502 1392 3566 in
1405 3503 1513 3568 bomi-

392 3597 484 3660 nibus
498 3594 609 3677 offiric.
623 3593 735 3660 Officia
751 3593 980 3674 imperantium
995 3594 1028 3658 in
1041 3595 1185 3676 populos,
1199 3593 1388 3678 populorum
1401 3593 1437 3656 in
1450 3594 1512 3657 im-

391 3689 550 3767 perantes:
567 3683 623 3746 'ins
637 3682 794 3765 praecipit
813 3683 955 3747 divinum
972 3688 1007 3748 ut
1028 3683 1107 3748 baec
1122 3689 1218 3766 atque
1232 3683 1287 3747 illa
1302 3682 1510 3764 impleantur.

333 3793 337 3800 ·
393 3773 546 3860 Dirinum
556 3771 1512 3854 tollepraeceptnnr-‚etiurasimulomniaabibnnt.Hoeiure

473 3975 514 4050 tn)
528 3977 724 4036 Dissertissime
737 3980 914 4053 Augustinus:
936 4000 946 4029 n
965 3979 1114 4052 Aliquando
1129 3979 1223 4035 iniusti
1240 3969 1405 4050 perveniunt
1418 3982 1454 4038 nd
1465 3983 1513 4038 bo·

397 4068 478 4111 nores
492 4053 632 4110 saeculi...
642 4052 765 4111 lulianus
777 4057 868 4112 erant
878 4053 995 4112 infidelis
1006 4057 1169 4128 imperator,
1179 4055 1287 4127 iniquus
1298 4055 1453 4121 idololatra:
1463 4059 1514 4114 rni-

397 4130 459 4187 lites
478 4129 617 4188 christiani
631 4131 785 4187 servierunt
806 4129 965 4201 imperatori
979 4131 1090 4188 infideli.
1106 4131 1158 4189 ilbi
1171 4131 1329 4188 veniebatur
1348 4132 1384 4194 ad
1400 4149 1513 4190 caumm

292 4228 294 4232 ·
397 4207 508 4278 christi,
528 4221 581 4267 non
595 4205 784 4279 agnoscebant·
800 4207 851 4264 nisi
865 4206 947 4281 illum
961 4208 1008 4279 qai
1023 4209 1049 4266 in
1062 4208 1139 4266 caelo
1152 4213 1206 4264 est.
1221 4205 1333 4275 Qumdo
1351 4208 1464 4267 romunt
1484 4216 1514 4266 ut

398 4281 469 4340 idola
481 4281 604 4340 celerant
616 4289 645 4338 et
659 4283 854 4353 thurificarent,
863 4283 1069 4353 praeponebant
1078 4283 1117 4340 illi
1130 4283 1349 4354 Deumtlnaada
1363 4293 1458 4344 autem
1469 4285 1511 4342 di·

399 4358 487 4416 cebet:
503 4357 648 4416 Producite
664 4358 761 4430 aciem,
777 4359 812 4414 ita
826 4364 921 4418 contre
939 4357 1016 4416 illam
1031 4366 1152 4432 gentem,
1165 4361 1260 4418 stetim
1274 4360 1510 4431 obtemperabunt.

398 4433 603 4508 [distinguebant
617 4434 757 4489 bominum
773 4439 914 4490 aeternum
935 4436 1072 4492 adomino
1086 4435 1245 4510 temporali,
1259 4444 1288 4494 et
1301 4442 1395 4498 tamen
1411 4437 1512 4496 subditi

399 4517 488 4642 egent,
506 4515 618 4660 p;o‚pler
631 4505 773 4567 boninum
787 4518 939 4587 aeternum,
956 4513 1037 4570 etiam
1051 4513 1161 4570 domino
1178 4512 1322 4588 temporali
1339 4535 1350 4563 n
1370 4513 1416 4588 (ln
1429 4513 1509 4572 Paul.

459 4601 508 4656 ‚n
546 4627 550 4640 .
569 4626 574 4640 .
