3228 5280
581 313 780 367 rrrurusrx.
1140 289 1206 364 303

226 460 321 532 XIX.
337 459 432 529 iiiscc
445 458 486 528 de
500 459 570 528 iure
584 461 778 544 constitutis,
791 460 819 526 si
832 460 908 528 ralis
921 458 1148 528 democratiam
1164 460 1252 526 inre·

126 551 204 641 niri
216 551 251 618 in
265 551 420 632 Ecclesia,
437 550 718 636 populumncmpe
731 551 933 627 miserorum,
952 568 1015 642 non
1031 549 1250 628 diffitebimur3

124 659 215 728 quos
231 641 390 724 appellare
404 656 508 722 rests,
521 639 597 706 dum
612 640 701 706 omni
716 640 927 707 coniiciuntur
937 637 1160 713 amaritudine,
1177 638 1253 704 irri-

123 731 184 796 sio
197 731 279 796 e'ssct
289 727 499 803 atrocissima,
509 729 642 795 scenicis
653 728 1015 812 tribunisreiinquenda.
1025 725 1181 801 Christus,
1189 746 1253 793 non

83 837 88 844 ·
104 900 107 904 ¹
125 817 347 886 humanitatis
362 818 473 883 irrisor
483 817 537 882 sed
551 823 757 894 restaurator,
767 817 809 883 iis
821 836 884 884 non
897 818 1070 899 imperium
1084 817 1137 882 sed
1152 815 1256 882 chari·

126 909 214 975 tetis
229 924 323 991 opera
339 910 373 972 et
387 905 524 982 subsidia
539 905 763 990 elargiebatur.
781 906 889 973 Prima
904 905 1006 994 divini
1021 904 1147 990 pueruli
1162 905 1256 972 verba

127 996 320 1084 intemplo:
336 1015 354 1055 n
368 994 591 1076 Evangelizare
605 995 792 1079 pauperibus
806 995 894 1062 misit
905 1013 969 1069 me,
978 1012 1089 1060 sanare
1101 994 1256 1066 contritos

126 1086 232 1152 corde
245 1083 288 1164 1).
301 1082 393 1164 »Qui
403 1077 518 1149 deinde
530 1103 548 1143 a
562 1084 748 1168 pertransiit
755 1083 980 1162 beneiuciendo
991 1087 1024 1150 et
1034 1079 1173 1148 'sanando
1186 1082 1252 1168 2).a
1296 1059 1320 1135 ¹3
1332 1060 1463 1134 “offla
1474 1059 1500 1132 ¹³

127 1175 216 1243 Eius
228 1172 363 1256 vestigia
373 1172 480 1254 legens
491 1172 644 1248 Ecclesia,
655 1172 779 1255 plebem
791 1171 1145 1259 conquisivit-collegit,
1162 1189 1255 1238 exco-

129 1263 211 1340 luit,
228 1261 321 1337 iovit,
339 1261 518 1343 assumpsit,
532 1260 658 1346 suisque
672 1262 818 1343 madibus
835 1268 867 1328 et
881 1261 1055 1327 honoribus
1070 1255 1252 1329 cumulavit:

130 1369 219 1436 quae
234 1348 440 1415 democratici
455 1349 595 1415 inaniter
608 1354 751 1433 crepant,
770 1367 866 1434 opere
881 1351 936 1415 illa
951 1349 1097 1433 perfecit.

227 1437 459 1505 XX.Breviter
469 1438 577 1519 itaque
585 1439 811 1504 concludimus:
821 1438 1091 1521 regiminisgenus
1100 1431 1256 1522 optimum

135 1532 191 1595 est
206 1525 410 1602 in‘Ecclcsia,
429 1526 463 1591 in
479 1543 540 1609 qua
556 1527 683 1593 excellit
693 1527 731 1614 .¹·
749 1523 878 1611 imperii
893 1527 1011 1602 unitam
1030 1528 1064 1592 2.
1083 1528 1117 1591 in
1135 1528 1258 1594 unitate

136 1615 282 1685 maxima
293 1615 442 1691 varietas
453 1611 486 1680 3.
501 1614 535 1678 in
548 1607 694 1681 universa
706 1616 912 1685 multitudine
920 1616 1010 1684 actio
1024 1620 1057 1682 et
1072 1616 1150 1681 rita.
1164 1618 1200 1681 in
1213 1617 1259 1682 ci·

136 1704 258 1771 vilibus
269 1709 375 1769 autem
387 1721 485 1786 genus
496 1702 576 1768 iilud
588 1704 745 1786 optimum
756 1706 907 1783 dicemus,
922 1705 1005 1788 quod
1017 1704 1192 1770 universim
1205 1721 1260 1769 no-

134 1799 232 1882 turae
243 1792 411 1867 humanae,
421 1792 534 1857 deinde
546 1809 620 1858 vero
632 1793 931 1876 acquisitisiuribus,
943 1792 1179 1869 traditionibus,
1191 1812 1261 1860 mo-

135 1883 240 1956 ribus,
258 1882 517 1963 temporibusque
529 1881 652 1962 optime
667 1887 845 1965 coaptetur.
854 1883 947 1950 ,Nihil
961 1899 1034 1947 vero
1048 1879 1199 1964 puerilius
1210 1883 1260 1949 vel

135 1970 315 2045 absurdius,
326 1975 420 2053 quain
429 1969 979 2054 traditionespopulorum'vioienter'
987 1971 1260 2053 abrumperemu-

134 2077 213 2124 rum
228 2060 349 2124 nullam
362 2058 522 2124 rationem
538 2057 667 2134 babere,
684 2066 779 2143 atque
794 2061 953 2146 extempio
973 2065 1160 2143 conceptam
1175 2058 1260 2144 regi-

137 2146 237 2213 minis
253 2147 389 2214 iormom
404 2147 558 2214 universis
573 2149 720 2230 gentibus
734 2148 914 2224 obtrudere.
1021 2215 1025 2224 ,
1060 2229 1066 2240 Ι
1237 2143 1242 2150 ’

159 3776 278 3844 turboni
287 3779 458 3851 testimonii,
470 3783 525 3842 rite
538 3790 633 3841 corum
646 3773 756 3842 uomina
768 3777 987 3858 publicabuntur.
1002 3779 1088 3852 Quam
1102 3781 1263 3854 sapientiam

157 3859 275 3917 imitatus
289 3865 332 3918 est
345 3863 493 3931 impertior
505 3859 663 3928 Alexamier
675 3862 801 3918 Severus:
813 3881 824 3910 a
837 3859 886 3916 Ubi
897 3857 1002 3930 aliquos
1012 3857 1152 3930 voluisset,
1168 3856 1208 3914 vel
1219 3871 1264 3916 rc·

156 3931 247 3993 ct'oras
260 3937 408 4007 provinciis
422 3933 491 4006 dari,
507 3933 550 3992 vei
564 3933 759 4006 procuratores
778 3933 916 4000 ordinare,
933 3935 1042 3990 nomina
1061 3948 1156 3990 corum
1170 3945 1263 3990 coram

151 4008 332 4082 'proponebat
346 4011 458 4068 bociam
478 4010 608 4082 populum
621 4013 687 4069 utri
700 4011 761 4085 poia
774 4011 839 4084 quid
852 4009 966 4067 baberet
985 4009 1118 4078 criminis,
1134 4009 1264 4078 probarat

154 4085 300 4145 manifestis
310 4085 407 4157 reboo,
416 4086 438 4142 si
446 4101 501 4143 non
509 4085 664 4160 probasset,
671 4087 776 4144 subiret
783 4099 898 4156 poenam
909 4081 1017 4156 'capitis
1025 4083 1190 4154 Dicebatque
1200 4097 1264 4154 gra·

143 4176 182 4227 ‚rc
193 4176 264 4232 esre,
282 4177 344 4219 cum
358 4160 386 4218 id
400 4161 545 4218 Christiani
558 4168 587 4218 et
599 4159 693 4227 ludaei
705 4161 860 4220 iacereotio
871 4157 1063 4232 praedicandis
1076 4157 1263 4219 sacerdotibus

151 4237 194 4308 qui
205 4235 348 4294 ordinandi
362 4244 439 4309 aunt,
455 4253 507 4294 noo
521 4236 580 4294 iieri
592 4237 619 4292 io
634 4238 834 4308 pmriuciarum
847 4235 1012 4307 rectoribus,
1024 4231 1124 4306 quibua
1136 4231 1261 4289 torturae

150 4309 283 4370 hominurn
294 4312 502 4392 committuntur
515 4319 544 4369 et
557 4309 647 4382 capita
659 4313 674 4362 ‘a
692 4306 856 4384 iLomprid,
869 4313 940 4369 Vltu
954 4307 1040 4368 Alea.
1051 4305 1167 4376 Severi.
1176 4306 1266 4375 Quoa-

151 4387 262 4443 stionam
278 4387 313 4443 ‹le
323 4387 514 4460 electionibus,
525 4401 564 4443 ex·
574 4379 751 4444 ihomaasioo
764 4392 857 4444 versat
869 4385 1039 4458 Augustinus
1052 4379 1178 4438 Thilner:
1195 4383 1261 4438 Let-

143 4463 470 4607 §zaffoirssifigtcrtticbe
487 4466 606 4523 intorno
618 4460 679 4522 ulie
697 4465 802 4541 ctapuc
818 4461 930 4540 ptupbo
947 4456 1027 4572 della
1041 4456 1263 4520 protomus·

1273 1138 1354 1207 Luc,
1368 1137 1413 1202 iv,
1433 1139 1477 1193 18.

1283 1215 1310 1287 2)
1331 1211 1436 1287 max,
1453 1213 1501 1268 aa.
