3228 5280
328 335 331 340 -
426 291 492 357 324
859 313 953 360 iruna
968 311 1016 358 ιιι.

382 462 422 524 ιιι
436 457 600 524 conclmus
615 463 719 522 terrae
736 456 908 534 limitibus,
920 457 979 522 sub
993 475 1057 520 uno
1075 459 1216 522 militans
1228 475 1355 522 summo
1373 460 1503 541 legisla-

369 556 451 614 -tore
467 563 503 610 ae
517 547 608 620 duce,
624 545 768 612 llomauo
783 547 947 620 Pantilius:
959 547 1044 610 nulla
1054 565 1180 628 quoque
1189 548 1319 612 interna
1330 549 1382 612 rel
1395 551 1504 614 natio

382 637 462 702 aalis
477 635 625 716 religiosa
635 637 832 708 autonomia,
843 654 944 720 neque
955 636 989 698 in
999 635 1167 718 episcopis,
1176 654 1307 718 neqnea
1318 636 1454 702 fortiori
1468 640 1501 702 io

381 725 620 806 magistratibus
634 723 774 804 contingi
789 730 905 807 potest,
923 725 1000 809 quin
1016 743 1055 788 eo
1071 726 1155 805 ipso,
1166 726 1299 791 unitatis
1310 731 1410 806 atque
1427 729 1503 790 uni·

381 813 544 880 versitatis
555 813 713 877 vinculum
733 814 948 896 abrumpatur.
965 814 1042 880 Sero
1057 819 1163 878 autem
1183 819 1218 879 et
1236 814 1407 894 inexperte
1424 818 1500 881 ltali

379 903 505 984 qnidam
522 904 738 983 magistratus,
751 903 950 967 recedentem
968 920 1009 968 ex
1025 901 1200 968 Germania
1211 910 1244 968 et
1252 902 1356 970 Gallia
1368 911 1503 969 senten

379 994 472 1066 tiam,
489 989 529 1054 de
544 992 698 1056 nationali
714 993 896 1056 antonomia
917 993 951 1055 in
967 991 1155 1056 Pontificem
1174 997 1209 1055 et
1225 992 1419 1068 Ecclesiam,
1438 995 1500 1078 ipsi

378 1085 520 1146 tuentur:
538 1079 665 1144 aborbe
676 1081 831 1144 catbolico
843 1081 1046 1145 damnantur.

467 1168 561 1234 Xlll.
580 1171 630 1235 Ex
644 1169 703 1234 bac
711 1169 878 1249 magnilica
887 1175 919 1232 et
929 1168 1057 1232 sublimi
1068 1167 1241 1233 cadrolicae
1249 1168 1500 1251 religionisnni·

379 1257 571 1331 venalitate,
588 1273 668 1342 quac
682 1257 725 1322 sit
736 1258 858 1324 Summi
874 1258 1144 1338 Pontificis,quoc
1155 1258 1340 1339 principum
1347 1275 1499 1339 persona,

377 1346 635 1411 manilestissime
650 1352 748 1428 patet.
758 1347 818 1412 Ille
827 1353 930 1428 pater,
936 1347 970 1412 bi
985 1346 1058 1410 lilii:
1068 1347 1154 1411 inter
1163 1364 1243 1428 quos
1254 1346 1431 1414 familiares
1442 1349 1500 1412 ba-

378 1435 495 1500 bentur
508 1436 691 1510 relationes,
703 1454 765 1499 noo
781 1437 920 1500 nationis
935 1437 974 1500 ad
989 1436 1257 1500 nationem.l)rnn
1271 1436 1360 1499 enim
1371 1455 1415 1502 ex
1426 1441 1496 1502 iure

377 1524 466 1589 civili
483 1525 529 1589 vel
544 1525 678 1607 politico
695 1524 838 1590 nationes
849 1525 1003 1609 plurimae
1013 1523 1261 1597 constituuntur;
1272 1542 1311 1589 ex
1325 1525 1400 1590 iure
1415 1527 1497 1592 divi-

378 1633 431 1688 no,
449 1612 596 1680 humanis
611 1612 765 1680 limitibus
780 1614 957 1696 expunctis,
974 1629 1037 1676 una
1051 1614 1089 1678 lit
1103 1615 1249 1678 societas.
1263 1613 1331 1678 llos
1346 1632 1425 1680 vero
1437 1616 1497 1679 tal

378 1703 475 1766 limat
488 1703 564 1766 dum
580 1702 726 1784 politicas
741 1702 975 1776 distinctiones,
984 1719 1106 1766 necnon
1121 1701 1353 1784 Anglimnismi
1368 1721 1499 1770 errores

379 1797 412 1856 et
435 1791 638 1856 ecclesiarum
655 1791 840 1867 fractiones,
857 1792 896 1856 ad
911 1790 1065 1858 excelsam
1081 1795 1115 1856 et
1136 1796 1320 1873 perpetuam
1335 1791 1499 1858 Ecclesiae

378 1880 535 1945 unitatem
550 1880 619 1962 plns
634 1879 801 1964 minusque
812 1881 1016 1945 traducimus.
1030 1879 1235 1959 Quaestionis
1248 1885 1393 1944 extrema
1408 1901 1498 1947 com-

381 1969 623 2051 prehendentes,
634 1970 669 2032 in
681 1969 985 2035 Pontificellomano
995 1967 1203 2032 universalem
1215 1967 1401 2050 episcopum
1415 1989 1434 2034 a
1447 1991 1499 2038 re·

378 2075 418 2139 ge
435 2057 619 2138 particulari
634 2058 838 2122 secernimus.
849 2060 887 2122 ln
903 2058 944 2122 iis
958 2075 1039 2139 quae
1049 2055 1191 2122 derebus
1202 2055 1500 2138 spiritualibus,iis-

377 2163 439 2228 que
454 2146 597 2219 adnexis,
615 2145 701 2209 inter
720 2147 883 2227 prlocipes
896 2147 1070 2215 catholicos
1091 2152 1127 2211 et
1146 2145 1355 2211 universalem
1370 2155 1497 2230 patrem

377 2238 583 2319 peraguntur,
601 2251 700 2316 qutun
714 2234 769 2298 illa
784 2235 819 2300 in
838 2236 949 2301 eadem
965 2241 1101 2317 agentur
1114 2236 1281 2312 societate,
1298 2236 1385 2301 nulla
1398 2237 1499 2302 inter·

377 2321 588 2387 nationalium
604 2329 764 2404 gestorum
778 2324 886 2406 imago
900 2325 1011 2390 baberi
1024 2329 1142 2407 portast:
1157 2323 1350 2389 secusiniis
1363 2327 1500 2407 quaeda

378 2431 414 2476 re
430 2412 586 2477 materiali
598 2411 728 2480 etoivili
743 2413 995 2498 interpriucipes
1005 2413 1351 2496 etllomaeprincipem
1362 2416 1432 2482 siat
1442 2433 1498 2498 pa-

377 2501 440 2568 etis
453 2502 679 2568 concludenda.
1283 2531 1287 2538 ·

464 2591 557 2657 XIV.
572 2591 694 2673 Quidsi
709 2591 857 2674 princeps
872 2592 1064 2659 contrahens
1078 2595 1168 2657 extra
1182 2591 1361 2658 Ecclesiam
1374 2593 1436 2658 sit?

471 2681 549 2747 Peto
564 2699 605 2746 an
619 2680 684 2758 bio,
702 2682 736 2745 in
748 2698 785 2745 re
798 2683 877 2765 spiri
883 2681 974 2757 tuali,
988 2680 1107 2762 aliquid
1121 2681 1161 2746 de
1176 2682 1278 2745 suoin
1290 2679 1502 2752 Concordatis

381 2771 514 2854 positive
528 2771 674 2836 conterre
688 2769 801 2852 possit?
809 2772 899 2837 Nihil
912 2788 999 2835 sane:
1009 2769 1064 2834 sed
1079 2769 1215 2850 simplex
1229 2773 1360 2838 illorum
1378 2777 1503 2840 exerci-

381 2861 463 2924 tium
477 2875 557 2939 quae
568 2878 587 2925 a
599 2861 666 2925 lieo
680 2861 775 2932 iussa,
789 2875 831 2924 ex
843 2861 930 2926 illius
941 2859 1074 2925 arbitrio
1089 2867 1123 2925 et
1133 2863 1293 2940 potestate
1308 2860 1504 2927 sarbtrabun

381 2955 445 3013 tur.
454 2949 540 3028 Ergo
556 2967 658 3031 neque
672 2949 750 3014 haec
765 2947 1022 3014 internetionalis
1037 2949 1187 3014 bacmtio
1202 2968 1275 3015 vere
1288 2949 1351 3014 dici
1364 2953 1500 3031 poterit,

381 3039 416 3101 in
432 3055 493 3120 qua
509 3055 635 3120 semper
648 3038 768 3123 aliquid
784 3039 952 3120 pmprium
968 3056 1009 3104 ex
1025 3043 1158 3122 utraque
1174 3043 1264 3121 parte
1272 3037 1456 3104 confertur.

470 3126 545 3194 XV.
562 3127 715 3194 Obiicies:
732 3143 829 3212 quum
850 3127 1019 3193 distinctae
1033 3133 1067 3193 et
1080 3145 1222 3192 summae
1242 3127 1308 3192 sint
1323 3132 1501 3209 potestates

380 3214 521 3281 Ecclesia
533 3221 567 3282 et
577 3216 763 3299 Imperium,
773 3215 897 3282 collisio
905 3221 1012 3281 autem
1023 3216 1105 3281 oriri
1116 3217 1226 3297 possit,
1234 3220 1361 3296 pactum
1369 3235 1434 3300 qno
1446 3217 1501 3280 illa

381 3311 547 3386 aequetur,
557 3305 837 3372 internetionalem
850 3305 986 3371 formam
996 3303 1158 3370 exhibere.
1168 3305 1501 3385 Sedcontra,pactum

382 3393 628 3460 internetionale
644 3411 708 3460 aon
724 3393 858 3478 quilibet
872 3399 922 3460 est
936 3399 1024 3460 octus
1039 3413 1102 3476 quo
1116 3394 1197 3459 dnae
1211 3399 1404 3460 concurrant
1415 3413 1502 3458 sum-

382 3498 453 3548 mae
467 3487 651 3564 potestates,
670 3500 778 3550 lerum
794 3483 849 3550 ille
865 3488 989 3550 tanaim
1005 3483 1094 3548 cuius
1108 3484 1243 3548 materis
1262 3479 1430 3564 utriusque
1444 3503 1502 3566 po

382 3571 506 3636 testatis
519 3571 664 3640 dominio
679 3577 713 3638 ct
727 3573 960 3655 competentiae
973 3571 1096 3653 pariter
1109 3571 1308 3636 subiiciatur:
1321 3586 1405 3651 quoe
1415 3577 1502 3637 certe

381 3677 446 3726 non
463 3665 512 3726 est
527 3660 713 3745 spiritualis.
731 3663 769 3728 ln
786 3661 846 3732 bau
860 3667 1026 3745 propterea
1042 3661 1198 3743 principis
1211 3659 1315 3725 officia
1326 3665 1416 3734 sunt,
1430 3675 1499 3724 rem

379 3766 454 3814 oum
469 3749 630 3818 obunctis
641 3749 791 3816 exhibere
802 3756 835 3819 et
846 3752 1019 3836 postadore3
1028 3749 1202 3832 pontilicis,
1212 3749 1336 3833 sapiens
1347 3764 1385 3813 oo
1396 3754 1502 3831 pater·

154 3842 177 3915 ll
204 3845 244 3901 ct.
268 3843 357 3903 bello
381 3855 457 3902 num
473 3838 626 3906 iudicium
641 3838 755 3906 efferre
773 3836 817 3922 1).

129 3926 244 3977 natura
269 3937 285 3977 e
303 3937 357 3978 ια·
373 3969 379 3978 -
469 3925 555 3992 Haec
570 3928 598 3994 si
613 3933 732 4006 teneas,
744 3928 889 4014 obltpotio
900 3929 1028 3996 tandem
1043 3927 1113 4010 ipsa
1125 3946 1166 3994 ex
1180 3927 1278 3994 raetis
1288 3926 1369 3992 iuris
1380 3927 1503 4009 princi-

127 4002 200 4052 roll.
210 4001 357 4055 cosensia·

128 4069 212 4127 ledet
224 4069 272 4130 det
282 4075 356 4130 Con-

127 4145 253 4203 cordott.
279 4150 355 4206 Pari·

127 4221 165 4290 gi,
185 4224 265 4278 185⁰.

379 4015 444 4098 piis
457 4013 641 4084 delinietur.

468 4104 560 4171 xv1.
571 4103 756 4185 Quaesitum
768 4112 817 4173 est
827 4125 868 4172 an
879 4106 1144 4192 synallagmaticis
1155 4105 1355 4190 pactionibus
1361 4102 1502 4194 Oonoor-

377 4195 452 4262 data
469 4195 624 4261 accenseri
638 4193 777 4276 possint.
795 4197 916 4263 llamm
931 4202 1045 4262 natura
1060 4214 1157 4279 quum
1173 4213 1210 4260 ea
1224 4196 1280 4269 sit,
1293 4199 1330 4259 at
1341 4211 1360 4258 a
1370 4199 1503 4259 contra-

377 4284 527 4352 hentibus
550 4283 671 4369 aliquid
685 4283 734 4350 sui
749 4284 828 4351 iuris
843 4285 928 4352 ultro
942 4285 1085 4367 citroque
1100 4285 1135 4353 in
1151 4289 1278 4368 pactum
1300 4283 1500 4358 coniuratum

377 4373 790 4459 quumqueinrespirituali
803 4373 940 4440 nihilsui
950 4374 1031 4439 iuris
1043 4375 1157 4440 babeat
1169 4374 1315 4457 princeps
1326 4371 1413 4456 quud
1425 4390 1503 4436 con·

378 4461 518 4530 trahenti
533 4463 678 4529 conterat
692 4462 850 4548 pontiden
864 4463 1008 4548 sequitur
1020 4462 1214 4531 concordata
1230 4459 1503 4546 synallagmaticis

379 4552 425 4616 vel
442 4551 657 4620 bilaterallbus
673 4549 785 4635 pactis,
804 4570 927 4620 summo
942 4553 1028 4629 iure,
1047 4569 1111 4620 noo
1127 4552 1300 4623 accenseri.
1315 4549 1505 4620 Laudabilia
