3224 5282
578 305 713 358 rrrunus
726 304 797 354 rur.
815 366 821 378 ¹
1137 281 1201 355 1a7

216 455 305 522 XVI.
320 453 451 520 Tributa
465 452 563 534 igitur
574 452 713 534 imperia
725 451 787 516 sibi
799 451 947 517 habeant:
956 453 1039 532 quod
1052 470 1184 536 aequum
1198 458 1244 518 est

125 552 160 614 et
177 545 399 610 necessarium.
417 543 500 610 Nam
514 561 542 601 u.
553 547 654 625 n'eque
668 542 757 622 quies
773 537 916 626 gentium
931 541 1001 604 sine
1017 542 1125 614 armis,
1145 559 1245 624 neque

126 653 215 700 arma
230 635 300 697 sine
322 630 503 712 stipendiis,
523 639 623 715 neque
638 630 796 711 stipendia
816 630 885 694 sine
900 629 1028 696 tributis
1044 630 1154 694 haberi
1169 649 1245 712 que-
1281 678 1331 752 m
1397 681 1435 736 H·
1451 682 1462 736 ,

127 728 187 789 unt
198 721 239 807 1).
253 721 422 792 »Christus
430 718 624 801 ipsetributa
633 718 738 797 solvit,
750 723 782 784 et
790 719 937 785 solvenda
948 719 1122 800 praecepit:
1135 739 1152 780 a
1163 720 1247 785 ltad-
1266 757 1300 814 lv
1329 695 1389 812 ᾖξ’
1426 696 1450 736 ²⁸
1468 717 1487 746 '²

127 813 197 878 dita
211 828 288 892 ergo
303 827 383 894 quae
398 813 472 874 sunt
491 805 633 873 Caesaris
647 806 772 874 Caesari
784 807 827 893 2).
848 830 865 900 p
878 806 939 873 Sed
954 805 1081 872 videant
1100 805 1248 874 Caesares
1277 799 1491 904 :ittotai-xxti,

129 919 172 965 ne
185 898 390 982 proprietatis
403 900 509 980 partes
523 897 580 961 ille
595 898 777 973 aestiment,
786 896 899 979 quibus
913 913 987 962 cunr
1000 895 1135 966 studius
1151 897 1247 964 veluti
1268 909 1315 964 ιι.

128 993 311 1055 coutantur:
323 1005 431 1053 verum
445 985 582 1068 totidem
596 985 750 1051 sacrificia
765 989 802 1051 ut
813 984 1057 1068 imperiionera
1071 989 1249 1050 sustenten-

129 1083 195 1155 tur,
214 1076 350 1158 binaque
362 1092 543 1140 mensuram
558 1071 736 1158 babent(o).
747 1076 848 1157 Leges
858 1078 964 1140 autem
979 1091 1064 1156 quae.
1073 1073 1250 1158 proprieta-

130 1171 198 1232 tem
213 1159 341 1247 eiusdue
356 1163 628 1232 transmissionem
644 1164 816 1245 attingrmt,
834 1168 980 1229 naturam
1002 1168 1185 1248 sequantur,
1198 1179 1251 1227 ae·

129 1255 287 1338 quitatem
298 1254 435 1326 servent,
443 1252 582 1317 libertati
594 1270 635 1316 ne
646 1251 896 1332 officiantQuod
907 1251 978 1316 ideo
991 1248 1166 1327 monemus,
1176 1251 1250 1334 quia

131 1343 372 1409 nov'ifhomines
391 1357 532 1422 novaque
554 1340 723 1424 regimina,
745 1340 883 1422 primam
904 1342 1048 1406 omnium
1070 1340 1250 1406 libertatem

130 1433 303 1513 impetunt,
322 1429 564 1512 proprietatem:
584 1447 678 1512 quan:
694 1429 721 1494 si
737 1447 801 1496 non
815 1426 971 1506 evertunt,
989 1428 1128 1511 undique
1143 1432 1251 1494 tamen

132 1521 255 1602 tegibus
270 1523 476 1600 coangustant
490 1522 523 1584 et
535 1522 662 1584 nexant.
676 1517 794 1584 Vetera
805 1519 844 1584 ad
856 1535 1002 1584 nauseam
1013 1517 1177 1584 refricant:
1191 1515 1253 1582 mi-

134 1627 215 1674 nora
229 1607 370 1690 ingenia,
386 1606 496 1672 eadem
511 1606 731 1673 deliramenta.
856 1685 858 1689 v
1281 1677 1284 1685 ,

224 1697 332 1763 Xth.
350 1695 523 1762 Monitum.
542 1696 684 1762 Romane
704 1693 841 1777 imperio
856 1694 1035 1770 intimante,
1053 1689 1253 1774 vectigalium

132 1785 350 1860 multitudine,
364 1788 609 1867 exactorumque
620 1784 826 1866 improbitate
836 1783 916 1850 adeo
927 1782 1180 1864 defatigabantur
1194 1799 1254 1864 pov

133 1877 214 1956 puli,
234 1881 282 1951 ut,
298 1872 422 1956 patriae
436 1890 545 1940 amore
560 1873 594 1937 in
610 1873 719 1938 odium
731 1891 893 1952 corruerso,
909 1871 959 1938 ret
972 1871 1011 1936 ad
1022 1871 1127 1936 hostes
1142 1870 1254 1936 eoniu-

132 1969 258 2046 gerent,
276 1962 325 2030 vel
340 1979 395 2026 eos
408 1964 494 2028 ultro
513 1963 547 2026 in
565 1961 712 2028 civitates
726 1961 906 2044 reciperent
921 1958 965 2045 3).
983 1961 1113 2026 Infirma
1130 1959 1253 2026 scitieet
1292 1951 1498 2029 iin·S⁸¹vi⁸⁰·‚

132 2051 182 2116 vet
196 2055 345 2135 corrupta
363 2051 510 2134 imperia,
528 2050 602 2115 dum
618 2050 772 2132 plurimos
793 2068 917 2146 semper
931 2048 1065 2114 iamutos
1087 2052 1141 2114 aut
1157 2049 1254 2113 mini·
1271 2029 1501 2165 mm&

130 2146 229 2218 stros,
240 2141 352 2222 quibus
367 2140 549 2214 iniciuntur,
568 2140 630 2204 sibi
642 2141 846 2222 conquirunt,
861 2139 1003 2221 plurima
1013 2150 1137 2220 semper
1151 2136 1254 2203 eiiun·
1272 2121 1309 2168 Μ
1379 2153 1387 2173 ’
1413 2121 1419 2162 ¹
1443 2145 1449 2159 '
1490 2145 1496 2157 '

133 2230 226 2295 dunt.
245 2229 337 2310 Quod
353 2247 394 2294 ne
405 2229 440 2295 in
454 2228 591 2310 sapienti
606 2229 763 2310 regimine
784 2229 854 2304 iiat,
873 2228 905 2294 1.
923 2226 957 2292 in
973 2226 1021 2292 rei
1038 2225 1183 2308 publicae
1198 2225 1253 2292 ad·

134 2318 371 2384 ministratione
393 2317 580 2399 simplicitas
599 2317 831 2398 muttiptieitati
848 2315 1075 2398 anteponenda
1098 2318 1157 2393 est,
1189 2333 1251 2400 qua

135 2427 220 2474 nune
235 2407 343 2472 omnia
361 2405 429 2482 iere
444 2405 581 2488 imperia
601 2411 787 2473 onerantur.
805 2406 839 2471 2.
857 2405 989 2472 Tributa
1013 2403 1252 2470 necessitatibus

134 2502 211 2562 sunt
231 2496 525 2571 commensuranda,
543 2512 644 2578 neque
665 2494 699 2559 in
724 2494 878 2577 engratiis
901 2493 1053 2576 urgenda,
1070 2493 1253 2575 priusquam
1280 2571 1282 2577 Α

135 2585 297 2668 possibilia
313 2584 347 2648 in
362 2584 538 2665 sumptibus
552 2588 744 2653 resecentur.
764 2581 798 2648 3.
811 2583 943 2650 Tributa
955 2599 1079 2666 quoqoe
1093 2586 1166 2646 sunt
1175 2580 1255 2647 deli-

134 2675 238 2830 ?endlalr
253 2674 357 2830 ffeiantus
372 2673 489 2760 populo
505 2673 626 2750 odiosa,
643 2690 780 2756 quorum
794 2673 918 2739 exactio
933 2671 1113 2758 promptior
1127 2675 1163 2737 et
1179 2670 1258 2736 iaci·

149 2782 200 2828 ror
236 2780 254 2828 a
328 2781 378 2828 ur.
1122 2791 1125 2798 .

217 3196 257 3271 (a)
271 3192 395 3273 systema
409 3193 591 3270 quorumdam
602 3199 861 3274 oeconomistarum,
872 3197 914 3257 tus
926 3197 1031 3257 tributa
1042 3195 1198 3270 imponendi
1209 3195 1261 3256 eii·

139 3273 273 3331 cientium
286 3287 320 3328 ex
333 3273 391 3328 iure
406 3271 479 3345 quod
492 3273 592 3332 habeat
606 3275 735 3346 princeps
746 3276 773 3334 in
785 3273 932 3347 quamdam
939 3274 1081 3332 tractuum
1096 3273 1260 3346 partemii·

140 3349 200 3405 tulo
214 3346 464 3421 comproprietatis‚
478 3363 512 3404 ex
527 3349 627 3406 civium
641 3349 717 3406 bonis
732 3349 981 3421 percipiendorum,
996 3347 1129 3406 evolvitur
1140 3348 1167 3414 in
1177 3362 1261 3420 opere

140 3426 186 3481 eui
200 3423 311 3480 titulus:
326 3420 449 3480 L'ordre
461 3423 582 3481 maturet
595 3431 622 3481 et
635 3424 770 3483 assentiet
783 3423 832 3482 des
845 3423 1261 3498 socitteepotitiquee,cb.«19,

142 3498 192 3556 27.
208 3507 279 3571 etc,
296 3504 408 3554 auctore
421 3499 459 3554 Le
473 3499 587 3556 itereiar
599 3499 635 3556 de
646 3500 671 3557 ta
682 3499 796 3558 Riviere.
805 3503 917 3571 Contra,
926 3501 1014 3557 aiebat
1025 3499 1150 3556 Penatis:
1164 3489 1263 3556 :Nous

144 3589 300 3632 eoneerons
312 3588 365 3646 qne
377 3561 461 3629 t’ttut
473 3589 508 3632 na
522 3575 644 3645 pourrait
655 3575 789 3632 subsister
799 3573 838 3634 s’it
849 3574 947 3633 n’avuit
956 3575 997 3633 tes
1007 3587 1119 3650 muyans
1129 3573 1163 3632 de
1177 3587 1263 3646 puar-

144 3651 205 3706 roir
218 3664 272 3705 anx
287 3649 348 3706 irais
362 3647 397 3705 da
412 3658 694 3724 sungouvernement3
706 3652 776 3708 maia
786 3667 821 3709 aa
832 3667 862 3709 aa
873 3656 1023 3722 procurant
1033 3655 1203 3725 aca'nroyans
1213 3661 1265 3721 par

144 3724 172 3782 la
186 3723 262 3781 tertie
275 3723 325 3782 des
338 3721 474 3798 subsides,
490 3725 515 3782 te
527 3727 671 3784 souverain
685 3725 813 3786 n’enarca
827 3727 903 3798 point
915 3743 957 3784 ιιιι
966 3724 1045 3784 droit
1055 3723 1091 3782 de
1099 3725 1264 3800 propriata,-

143 3800 161 3857 il
178 3799 304 3950 lt’eere
322 3797 413 3934 qul’vrm
432 3799 538 3949 atgreplrte
553 3806 673 3877 peuooir
694 3801 974 3862 d'udmtoistratioa
990 3822 1002 3852 ι
1020 3801 1171 3876 (Porrus,
1190 3798 1265 3857 Cede

142 3878 332 3947 etmotis,t.
388 3889 439 3950 ‚p.
476 3879 514 3930 3.
589 3947 592 3954 ,

219 3953 309 4020 Quum
319 3955 411 4007 autem
421 3950 515 4007 eodem
524 3958 678 4026 praetextu,
688 3953 714 4010 in
726 3952 834 4023 Imperii
846 3951 952 4010 scilieet
966 3954 1102 4024 potestate
1112 3964 1266 4024 essequae·

143 4041 263 4099 eumque
277 4026 328 4083 soli
341 4025 445 4083 ambitu
458 4028 739 4100 comprehenduntur,
754 4027 895 4084 Ecclesiae
905 4027 1085 4099 proprietates
1099 4026 1266 4097 impeteren-

144 4107 200 4168 tnr,
217 4103 317 4159 merito
328 4101 478 4172 reponebat
490 4103 577 4174 Chapt
590 4102 624 4161 de
638 4103 798 4176 Rastigoac:
818 4124 829 4154 ι
846 4105 915 4175 Non,
930 4103 970 4160 ias
984 4102 1122 4160 mambres
1134 4102 1169 4159 da
1182 4101 1208 4159 ta
1220 4117 1266 4158 so-
1326 4126 1338 4146 ·

145 4175 216 4234 ciete'
230 4191 265 4233 ne
279 4193 310 4234 sa
323 4176 492 4248 deponitteat
506 4179 581 4248 point
594 4179 628 4236 de
639 4177 716 4236 leurs
726 4178 802 4236 bians
811 4194 846 4236 au
858 4183 981 4236 moment
990 4193 1045 4250 que
1055 4177 1108 4235 elie
1123 4192 1153 4234 se
1166 4177 1264 4246 iorme,

145 4267 215 4324 pour
228 4251 284 4308 ibn
298 4253 400 4310 rendre
413 4253 603 4325 proprietaire3
620 4253 676 4311 lein
690 4254 726 4311 de
739 4253 846 4311 donner
859 4255 875 4312 d
888 4259 951 4312 tous
972 4253 1013 4310 les
1027 4251 1162 4311 individua
1174 4250 1268 4309 reunia

145 4343 190 4384 ses
209 4326 376 4399 proprietds,
393 4328 497 4400 chaque
511 4331 690 4399 proprietaire
705 4345 739 4386 ne
753 4345 782 4386 se
800 4334 856 4387 net
871 4345 906 4389 aa
925 4327 1092 4402 soeitte'·que
1110 4343 1187 4402 pour
1200 4343 1269 4384 cou-

145 4418 244 4460 seroer
263 4419 300 4461 sa
318 4403 466 4477 propriett
483 4403 673 4462 indiuiduette
682 4420 744 4479 pur
758 4404 791 4462 to
845 4409 971 4464 otectton
984 4411 1010 4462 et
1020 4420 1082 4480 par
1095 4401 1222 4478 tujbroe
1233 4400 1271 4457 de

145 4484 209 4535 teus
232 4501 244 4530 ι
266 4481 382 4553 (Queat.
397 4495 450 4536 :ur
464 4479 496 4537 ta
506 4481 656 4556 proprtdtt
668 4488 736 4555 etc,
752 4497 781 4554 p.
802 4487 811 4540 t
837 4480 875 4556 0).
891 4482 939 4538 Hic
953 4480 1092 4538 societatis
1106 4478 1167 4536 tinia
1181 4475 1271 4550 quom

147 4565 241 4610 omues
251 4556 441 4628 proprietates.
