3222 5282
570 361 765 413 rrruausvr.
1137 347 1177 413 51

106 510 166 574 hac
182 510 298 594 abyssu
306 507 434 591 exurgit
449 513 544 591 atque
558 508 725 576 evolvitur.
739 508 836 585 Vere,
851 511 910 576 hoc
928 529 992 576 uno
1008 513 1159 594 mysterio
1170 531 1226 578 aa·

105 599 216 664 dacter
238 598 370 685 reiecto,
391 597 472 662 nihil
487 598 525 662 de
540 597 681 668 bominis
699 602 788 664 'statu
804 599 1002 681 intelligetur
1024 607 1123 675 recte,
1143 602 1224 667 nibil

105 687 373 770 praescriberetur
386 686 557 772 sapienter,
576 705 677 771 neque
692 686 725 752 in
741 687 968 771 philosophicis
980 705 1081 771 neque
1098 690 1130 754 in
1146 691 1225 754 civi-

107 777 190 841 libus
205 775 392 860 disciplinis.

197 865 293 932 XVI.
307 867 441 944 bevere,
459 863 517 929 alii
533 862 805 949 pbilosophorum,
825 865 872 931 uti
888 864 1104 942 naturalistae,
1122 884 1158 932 ac
1174 885 1225 933 ra·

104 954 305 1030 tionalistae,
321 954 365 1018 ad
380 955 480 1018 solam
501 953 642 1019 hominis
656 954 844 1036 dignitatem
862 954 1077 1038 respicientes,
1095 956 1162 1020 eins
1178 956 1224 1023 ita

105 1044 268 1108 rationem
287 1042 481 1119 extulemnt,
499 1046 535 1108 ut
551 1043 640 1107 illam
654 1043 753 1114 veluti
767 1043 893 1108 unicam
917 1048 1012 1126 atque
1026 1043 1224 1110 infallibilem

105 1133 280 1208 iustorum,
297 1131 552 1213 iniustorumque
565 1132 709 1215 regulam
720 1131 926 1209 arbitrentur;
940 1132 1029 1208 licet,
1038 1133 1142 1199 Tullio
1155 1137 1224 1200 ani-

104 1221 339 1296 madvertente,
358 1220 438 1285 nibil
455 1221 533 1284 adeo
549 1219 583 1285 in
598 1219 797 1304 philosophia
813 1216 980 1287 absurdum
994 1221 1049 1298 sit,
1063 1223 1223 1303 quodnon

104 1311 224 1394 aliquis
236 1310 499 1393 philosophomm
516 1307 776 1392 propugnaverit.
795 1309 876 1387 hlii,
901 1311 1164 1396 quemadmodum
1182 1313 1225 1380 Ε-

103 1399 231 1483 picnrei
250 1405 284 1465 et
299 1399 538 1473 materialistae‚
555 1404 739 1482 corruptam
755 1404 901 1465 naturum
917 1418 975 1482 pro
990 1400 1115 1484 integra
1131 1403 1225 1468 aesti-

38 1492 40 1496 ’
104 1493 245 1564 mantes,
262 1488 308 1554 ita
323 1487 395 1552 iura
410 1492 443 1553 et
458 1487 562 1553 olllcia
584 1488 830 1564 constituerunt,
847 1493 884 1555 ut
898 1506 1112 1572 quaecumque
1127 1507 1225 1572 appe-

104 1581 233 1652 tuntur,
251 1577 334 1640 bona
345 1581 378 1642 et
389 1577 484 1652 iusta;
496 1592 710 1660 quaecumque
721 1582 827 1643 autem
843 1577 948 1659 gravia
963 1583 996 1644 et
1008 1578 1152 1655 molesta,
1163 1597 1224 1661 pro

105 1665 229 1748 iniquis
251 1665 438 1731 habeantur.
455 1664 535 1740 dlii,
553 1671 589 1732 ut
603 1665 810 1742 Pirronistae,
827 1666 969 1730 eiusdem
991 1667 1126 1732 rationis
1141 1683 1224 1734 nunc

105 1754 212 1819 lucem
230 1772 313 1819 nunc
325 1755 470 1820 tenebras
481 1753 700 1838 inspicientes,
716 1755 834 1820 nullam
845 1756 884 1819 ab
896 1754 1027 1820 homine
1043 1756 1221 1832 veritatem,

105 1844 231 1908 nullam
247 1843 411 1920 virtutem,
425 1845 607 1927 nullumque
618 1849 739 1911 certum
751 1843 801 1908 ius
815 1843 952 1909 inveniri
967 1861 1056 1928 posse
1067 1861 1125 1928 pro
1135 1849 1224 1912 certo

103 1930 377 1999 babueruntlllii
389 1933 527 2009 demum,
538 1933 695 1998 mulorum
708 1933 820 2017 quibus
832 1931 1055 2000 conflictantur
1066 1933 1155 2010 iusti,
1168 1935 1225 1999 bo-

103 2038 223 2084 norum
235 2039 310 2098 pero
327 2021 440 2105 quibus
457 2022 620 2088 interdum
631 2022 779 2088 diffluunt
794 2021 910 2104 iniqui,
929 2021 1048 2087 nullam
1065 2023 1224 2088 rationem

103 2108 319 2186 invenientes,
334 2112 382 2176 vel
393 2113 475 2176 Deos
490 2130 555 2176 nen
567 2128 645 2189 esse,
656 2112 704 2178 vel
721 2130 784 2176 non
796 2128 907 2176 curare
919 2111 1066 2177 mortalia
1077 2112 1224 2196 suspicati

101 2203 195 2264 sunt.
207 2199 245 2264 ln
257 2217 453 2282 quacumque
464 2200 644 2284 hypothesi,
659 2201 734 2285 qnid
746 2205 819 2282 agat
831 2200 994 2282 legislator
1004 2219 1067 2266 non
1079 2200 1220 2276 babebit3

101 2292 204 2370 atque
219 2287 297 2352 ioris
312 2293 345 2355 et
360 2289 438 2370 legis
454 2290 544 2355 notio
559 2289 628 2372 ipsa
643 2294 818 2356 evanescet.
835 2291 920 2372 Ergo
936 2289 1017 2355 nihil
1033 2291 1067 2356 in
1082 2289 1222 2372 pbiloso-

100 2376 222 2458 phicis‚
236 2375 317 2441 nihil
328 2378 363 2441 in
378 2377 523 2444 civilibus
537 2379 724 2462 disciplinis,
743 2379 805 2443 nisi
820 2383 981 2462 perspecta
994 2384 1124 2446 naturae
1139 2379 1222 2445 inte-

100 2465 225 2547 gritate
241 2467 369 2548 eiusque
385 2467 464 2543 labe,
483 2472 569 2534 recte
584 2468 821 2550 praescribitur,
839 2467 1055 2544 unilormiter,
1074 2471 1222 2532 constan-

102 2558 170 2632 ter,
191 2554 424 2622 universaliter.
443 2556 532 2636 Quae
555 2560 661 2622 autem
679 2557 831 2622 anostris
846 2557 979 2622 honeste
992 2557 1031 2622 de
1046 2557 1159 2622 officiis
1173 2556 1221 2623 vel

102 2643 145 2708 de
159 2645 281 2726 legibus
289 2645 374 2710 dicta
385 2652 470 2720 sunt,
481 2664 521 2710 ex
532 2650 696 2728 perspecta
705 2651 835 2711 naturae
846 2645 989 2711 bonitate
999 2645 1093 2710 simul
1106 2652 1138 2712 et
1150 2663 1222 2729 pra·

102 2733 209 2798 vitate
232 2733 432 2814 prodierunt:
449 2753 544 2817 quam
566 2732 707 2798 bominis
728 2734 1003 2809 constitutionem,
1030 2735 1155 2817 religio,
1174 2735 1221 2800 vel

101 2837 178 2886 eam
195 2821 440 2904 despicientibus
455 2823 618 2889 revelavit.
635 2825 705 2889 lmo
721 2823 841 2890 ethnici
856 2823 917 2906 ipsi
931 2822 1114 2907 philosophi
1129 2830 1162 2890 et
1178 2823 1222 2888 le-

102 2910 302 2991 gumlatore's
324 2929 405 2993 quae
423 2913 487 2978 rite
501 2911 713 2988 tradiderunt,
731 2931 771 2978 ex
789 2911 846 2977 illo
861 2913 931 2995 ipso
947 2911 1120 2980 hauserunt
1134 2913 1223 2996 prin-

102 2999 193 3083 cipio
206 2999 246 3078 de
258 3000 433 3067 naturabic
445 3000 595 3085 regenda,
607 3000 675 3078 illie
686 3003 925 3084 compescenda,
939 3003 1155 3082 quadantenus
1167 3018 1224 3067 na·

104 3089 208 3154 turali
222 3089 343 3155 rationi
359 3096 454 3172 atque
468 3090 684 3174 experientiae
698 3096 895 3173 compertum
911 3089 987 3155 luit.

196 3178 305 3245 Xllll.
323 3180 439 3260 Igitur,
455 3197 551 3263 quum
573 3179 691 3244 iuriam
705 3185 739 3245 et
752 3179 929 3245 obicionem
951 3177 1146 3261 disquisitio,
1164 3177 1224 3243 ho-

102 3265 295 3351 mirumque
308 3267 483 3343 institutio,
501 3287 565 3335 non
580 3287 620 3334 ex
635 3269 804 3347 abstracta,
822 3269 876 3334 sed
892 3285 932 3334 ex
945 3269 1092 3332 concreta
1109 3270 1222 3332 natura

102 3357 244 3440 petenda
259 3356 313 3432 sit;
324 3356 404 3446 nihil
415 3357 631 3448 conficiemus,
637 3357 703 3422 nisi
693 3356 909 3439 originalem
919 3354 1223 3422 hominisexcellen-

103 3445 201 3522 tiam,
215 3463 346 3530 crusque
358 3445 460 3512 labem
470 3463 546 3529 prae
557 3431 659 3514 oculis
669 3447 848 3512 babeamus
859 3446 930 3526 Qua
942 3445 1023 3521 labe
1034 3463 1099 3510 non
1110 3437 1223 3511 attrita

103 3533 1224 3618 turchaturautLucberoplacurtsedimmmuta.1mm1nutalux1n-

103 3623 249 3689 tellectui
265 3623 431 3708 affulgens,
447 3625 531 3690 unde
546 3625 641 3690 mode
657 3623 802 3701 veritate,
821 3625 915 3690 modo
933 3624 1072 3690 lalsitato
1087 3623 1223 3689 delecta-

104 3712 353 3779 tor.lmminutu
360 3713 532 3800 voluntatis
539 3713 709 3790 rectitudo,
719 3713 850 3779 etmalis
858 3712 1085 3795 cupiditatibus
1095 3711 1223 3795 abrepto

106 3802 423 3886 libertas,nunquam
437 3807 544 3869 tamen
559 3803 728 3886 captivata,
742 3802 804 3868 nisi
820 3803 939 3878 volens,
954 3807 1049 3886 atque
1063 3801 1111 3868 ita
1126 3801 1224 3866 libere

105 3889 231 3967 volens,
248 3895 285 3956 ut
299 3909 424 3975 semper
447 3891 532 3959 lleeti
554 3892 656 3976 possit
670 3891 705 3956 in
721 3892 932 3958 eontrarium·
951 3890 1029 3958 licet
1051 3896 1141 3956 tanta
1157 3906 1223 3954 esse

105 3978 211 4061 possit
221 3982 403 4063 corruptela
414 3981 516 4048 malae
526 3981 773 4056 consuetudinis
789 3985 856 4048 not
867 3980 906 4044 ab
917 3997 955 4045 ea
965 3978 1151 4062 umquam
1140 3979 1225 4061 igni·

102 4068 169 4133 culi
185 4068 414 4150 extinguantur
428 4089 447 4134 a
462 4074 576 4136 natura
591 4069 670 4146 deti,
688 4071 934 4154 exorianturque
945 4075 983 4136 et
996 4068 1276 4143 confirmentur

103 4157 185 4223 vitia
199 4159 361 4223 contraria
379 4157 457 4244 1).»
474 4159 567 4241 Quod
581 4159 709 4234 nebat,
723 4163 890 4245 sequentes
904 4176 1040 4225 canones
1055 4163 1161 4224 mente
1176 4161 1225 4222 at·
1289 4158 1312 4232 ll
1336 4158 1408 4228 cic
1432 4160 1473 4213 lte

102 4263 167 4332 que
183 4246 294 4311 animo
309 4248 503 4314 recoluntur.
973 4280 977 4285 ·
1246 4235 1326 4308 lep.
1343 4233 1366 4306 ¹
1382 4200 1425 4289 12·

196 4336 322 4402 XVIII
342 4337 374 4404 1.
392 4337 541 4404 Hominis
554 4337 671 4422 privati
690 4336 856 4422 acpublici
872 4335 1035 4404 institutio
1049 4353 1087 4401 eo
1099 4331 1226 4401 adlabo-

102 4427 156 4490 ret
170 4443 271 4508 quam
292 4427 442 4512 maxime,
466 4432 503 4494 ut
518 4430 688 4510 antequam
703 4426 782 4494 vitia
797 4427 846 4493 vel
861 4426 963 4492 melae
984 4424 1224 4494 eonsuetudines

102 4517 249 4582 mentem
273 4517 509 4600 aggrediantur,
532 4521 700 4584 aneturae
721 4518 926 4600 corruptione
940 4516 979 4581 ad
1002 4511 1223 4600 primigeniam
