3224 5282
539 297 672 360 rrrunus
688 308 758 359 vnr.
820 349 825 356 .
1102 289 1167 359 lt3

110 458 169 522 sine
189 455 281 531 tecto,
299 454 368 520 sine
390 471 482 538 pane,
500 457 720 540 confugerant.
739 459 797 524 His
820 459 959 523 armaad
978 456 1207 532 defensionem,

110 553 212 612 terram
234 545 274 610 ad
298 546 428 622 victum,
446 548 593 613 dominus
617 547 841 630 elargiebatur,
868 548 965 612 veluti
979 548 1088 621 servis,
1112 564 1210 629 eaque
1269 553 1276 568 ·

110 635 278 700 conditione
294 641 330 700 ut
346 639 443 710 terra,
462 637 596 712 tructus,
613 644 745 720 segetes,
764 638 899 722 aliaque,
917 637 951 701 in
974 653 1028 702 sua
1045 642 1211 701 manerent

110 728 264 804 potestate.
281 723 365 789 Hihc
376 724 548 791 leudunum
564 728 709 800 lust-non
719 727 821 792 civilis
832 725 959 809 quidem
974 725 1136 791 societatis
1147 730 1212 790 sta-

110 817 162 888 tus,
181 813 235 876 sed
247 830 346 879 novae
361 811 523 881 societatis
538 813 715 881 exordium.
731 817 835 897 Quam
851 809 936 880 enim
961 816 1057 880 vitam
1074 814 1212 895 egissent

109 905 149 968 tot
168 900 332 982 indigenae
355 919 391 966 ac
406 905 544 980 barbari,
562 909 717 979 extorres,
730 905 871 970 invicem
895 901 1125 978 contentantes,
1143 903 1212 968 sine
1312 913 1314 920 ’

108 991 208 1073 patria,
219 991 289 1056 sine
305 990 403 1056 victu?
414 993 624 1058 Barbaronrm
640 1011 864 1076 nonnunquam
875 1009 991 1057 mores:
1001 993 1054 1056 sed
1067 1010 1146 1074 quae
1160 1009 1213 1056 su·

108 1085 242 1161 parerent
254 1079 403 1161 antiquae
417 1083 578 1148 societatis
590 1082 697 1148 civilia
712 1084 881 1158 elementa,
896 1081 930 1146 in
942 1083 1069 1147 castella
1078 1099 1151 1146 sese
1162 1099 1213 1146 re-

108 1173 256 1250 ceperant,
274 1167 387 1234 exiliis
403 1170 539 1236 feliciori
554 1177 697 1254 tempere
714 1170 746 1236 in
763 1172 872 1237 orbem
895 1171 1068 1252 proditura.
1087 1169 1213 1250 Religio

108 1259 356 1340 quoqueaaeral,
371 1259 515 1325 sacerdos
530 1269 655 1341 nempe,
672 1261 795 1325 domini
812 1278 916 1326 mores
931 1278 967 1324 ac
985 1261 1095 1325 rudem
1111 1259 1215 1323 dorni-
1242 1277 1243 1280 ¹

108 1346 257 1412 hedonem
274 1347 451 1425 emolliens,
469 1355 502 1415 et
514 1350 636 1430 plebem
652 1349 750 1432 ipsam
767 1350 801 1414 in
817 1351 891 1424 fide,
902 1350 935 1412 in
951 1349 1104 1424 moribus,
1114 1347 1215 1414 inlit-

108 1436 357 1520 teris,.quantum
371 1456 428 1519 per
444 1445 588 1520 tempora
604 1438 765 1514 tacuisset,
784 1436 953 1522 erudiens(
973 1437 996 1521 ).
1109 1479 1115 1490 ·

185 1527 227 1591 11.
246 1527 357 1607 Igitur
365 1527 532 1593 feudorum
548 1527 596 1591 ius
611 1528 644 1592 in
658 1527 801 1616 universa
816 1528 1081 1611 soltproprietate
1096 1524 1215 1590 innite-

100 1615 199 1678 batur.
216 1615 283 1681 soli
299 1615 496 1697 largitiones,
515 1617 746 1694 concessiones,
765 1617 812 1683 vel
832 1613 929 1682 etiam
945 1616 1154 1690 venditiones,
1176 1632 1214 1678 ea

105 1703 164 1784 lege
178 1703 308 1778 fiebant,
322 1709 358 1770 ut
374 1705 538 1787 originalis
548 1705 726 1788 proprietas
735 1707 894 1790 nunquam
911 1707 1004 1788 plene
1019 1705 1214 1773 alendorum

105 1792 222 1858 domino
234 1795 450 1874 egrederetur.
466 1795 555 1862 Unde
567 1795 776 1871 venditiones,
790 1797 1038 1879 permutationes
1051 1792 1216 1876 etpactic-

104 1899 152 1945 nes
167 1884 483 1965 quaecumqueinter
496 1885 648 1958 subditos,
668 1886 796 1972 nonnisi
813 1885 934 1950 domini
947 1883 1216 1957 interventu,eius

104 1969 233 2048 licentia,
251 1977 286 2037 et
301 1989 424 2038 canone
439 1974 542 2038 eidem
558 1974 720 2051 solvendo,
738 1974 847 2058 pertici
862 1975 1022 2058 poteraut.
1041 1972 1217 2039 Morientes

103 2077 179 2135 vero,
192 2078 264 2126 cum
281 2061 509 2144 proprietatem
524 2064 558 2126 in
570 2062 692 2128 domini
704 2077 814 2136 manus
825 2061 988 2129 remissuri
1000 2063 1217 2142 intelligeren-

103 2153 159 2225 tur,
175 2149 308 2216 heredes
322 2151 543 2217 detunctorum
560 2153 641 2217 bona
654 2172 716 2219 non
732 2154 1000 2236 ingrediebantur,
1019 2151 1081 2216 nisi
1096 2152 1135 2236 ab
1147 2151 1217 2232 ipso

101 2237 234 2316 domino,
251 2241 359 2305 soluto
379 2242 498 2322 pretio,
515 2247 549 2307 et
569 2244 754 2326 quibusdam
773 2241 1037 2316 solemnitatibus,
1055 2241 1089 2304 in
1104 2259 1217 2305 eorum

101 2329 322 2408 possessionem
338 2329 582 2397 immitteretur.
1130 2337 1136 2350 '

181 2419 241 2482 111.
261 2419 372 2484 Fiscus
387 2419 565 2500 gentilitius
581 2439 635 2486 seu
650 2421 794 2497 leudalis,
812 2421 861 2486 uti
877 2424 979 2503 patet,
997 2419 1031 2483 in
1044 2437 1169 2501 quoque
1183 2435 1217 2482 a·

101 2509 147 2570 ctu
162 2507 210 2572 vel
225 2507 419 2582 hereditate,
437 2508 533 2575 titulo
548 2511 711 2594 originalis
734 2511 950 2595 proprietatis
968 2525 1054 2574 suern
1070 2508 1130 2573 sibi
1144 2525 1217 2592 par-

101 2597 158 2660 tern
169 2596 363 2662 vindicabat.
374 2598 484 2678 ltaque
499 2599 567 2663 iura
583 2619 662 2683 quae
677 2602 711 2665 in
723 2599 971 2666 successionibus
982 2604 1015 2664 et
1029 2597 1217 2684 pactis,'ho-

100 2684 210 2750 diernis
224 2685 368 2752 moribus
382 2685 443 2750 sibi
467 2686 628 2755 vindicant
643 2689 854 2773 imperia-vel
874 2708 914 2754 ex
929 2687 1083 2753 eminenti
1101 2689 1219 2752 Roma-

101 2790 205 2840 norum
220 2776 368 2843 dominio
388 2774 470 2838 unde
486 2778 633 2843 uicesimo
648 2779 783 2862 Augusti
805 2778 968 2854 extiterat,
986 2776 1035 2842 vel
1051 2794 1092 2840 ex
1108 2775 1218 2844 leudu-

99 2879 163 2928 rum
177 2866 261 2941 iure,
280 2865 421 2948 primurn
435 2867 725 2949 proficiscebantur:
734 2885 992 2942 nunc-vero,non
1008 2865 1071 2931 ah‘c
1085 2865 1148 2928 nisi
1160 2866 1219 2931 tri·

100 2950 240 3019 buteram
257 2956 356 3021 titulo
374 2954 578 3027 sustinentur.
655 3016 663 3024 .
967 2972 974 2982 ’

179 3045 238 3110 IV.
256 3046 310 3111 Ex
324 3043 459 3109 castellis
472 3045 557 3126 pagi,
576 3045 651 3110 inde
666 3045 908 3126 castellanorum
927 3050 959 3111 et
975 3061 1125 3127 pagorum
1141 3061 1218 3108 con·

99 3128 337 3209 foederationes,
358 3132 469 3216 quihus
484 3134 547 3199 dux
561 3153 641 3199 unus
656 3139 822 3218 praeerat:
840 3150 937 3217 parva
958 3134 1097 3216 primum
1113 3132 1217 3215 impe-

98 3218 153 3285 n'a.
166 3223 257 3288 luter
270 3223 364 3297 haec,
372 3222 489 3302 passim
505 3224 678 3308 municipia
693 3223 909 3306 assurgebant,
927 3221 1082 3288 libertatis
1092 3226 1217 3304 partem

98 3307 303 3378 vindicatura.
319 3311 380 3379 Sed
395 3311 458 3376 dux
472 3311 605 3378 leudulis
621 3315 793 3389 interdum,
802 3312 1007 3378 vicinioribus
1022 3309 1152 3376 devictis
1167 3312 1221 3376 vel

97 3393 127 3461 in
139 3399 233 3466 tidem
247 3400 399 3484 acceptis,
407 3419 464 3466 rex
471 3402 733 3469 constituebatur.
740 3403 824 3468 unde
831 3401 1034 3467 monarchiae
1044 3417 1123 3466 nova
1134 3417 1218 3465 sum-

97 3502 159 3552 sere
174 3491 323 3555 exordia.

178 3578 227 3644 V.
241 3579 351 3660 Quum
368 3583 473 3644 autern
490 3580 730 3646 castellanorum
747 3584 848 3646 sortes
865 3579 899 3647 in
915 3575 1133 3645 monarchiam
1149 3594 1219 3666 per-

97 3666 247 3744 terentur,
265 3685 348 3753 quae
360 3668 526 3734 feudorum
542 3670 610 3734 iura
628 3670 824 3743 dicebantur,
842 3669 876 3733 in
893 3669 1109 3733 monarchiam
1122 3667 1220 3732 colla·

98 3753 126 3815 ta
140 3761 223 3822 sunt.
242 3756 333 3824 Malo
348 3775 422 3822 sane
437 3759 641 3824 monarchiae
654 3760 734 3825 fato:
753 3777 828 3823 nam
838 3758 946 3823 odium
959 3763 992 3822 et
1004 3755 1220 3839 reprehensio·

97 3844 280 3912 nesciolam
298 3847 459 3912 excitavit.
477 3847 639 3932 Siquidem
650 3848 852 3914 cancellarius
865 3849 998 3913 loannes
1010 3846 1165 3912 luvenalis
1180 3864 1220 3910 ex

166 4021 205 4093 lo)
229 4023 400 4096 Proprietas,
422 4023 564 4082 leudoro'm
579 4040 657 4098 aero,
678 4040 733 4082 non
752 4023 833 4082 modo
851 4023 979 4092 modium,
994 4022 1052 4079 sed
1072 4027 1101 4080 et
1120 4021 1218 4079 iuriam

97 4092 263 4162 politicorum
286 4098 367 4156 sedeo
379 4098 467 4158 habita
480 4100 538 4158 luit.
551 4102 604 4158 lies
619 4102 691 4159 enim
702 4107 873 4172 ctpersonae
884 4099 1084 4157 absolutissima
1095 4098 1219 4169 posside·

95 4165 189 4228 bantur
208 4173 406 4250 dominatibus.
429 4176 494 4252 inde
514 4182 611 4234 exorta
632 4178 801 4249 monarchia,
819 4177 937 4248 primum
957 4175 1072 4246 sapienti
1093 4173 1216 4237 consilio,

96 4244 262 4326 subditorum
277 4266 324 4307 res
338 4258 513 4322 etpersonas
526 4252 711 4310 inleudorum
722 4251 973 4310 domincstuendas
988 4248 1216 4320 susceperal3sed

96 4324 239 4394 improvide
261 4333 368 4398 postca,
383 4335 569 4401 quaecumque
581 4327 724 4406 feudorum
735 4330 791 4384 iura
809 4329 836 4384 in
848 4327 1030 4385 monarchiam
1044 4325 1217 4397 pertransiis-

95 4398 1217 4553 alulit‘liutet*litteraliillustrissimaestlte·

241 4521 248 4545 ι
498 4498 504 4535 Ῑ
619 4498 626 4534 ἶ
1208 4515 1214 4546 t

94 4549 201 4622 principi
216 4553 324 4610 tributa
338 4560 364 4611 et
378 4554 475 4612 milites
490 4555 705 4628 suppeditarent.
726 4605 727 4608 ,
