3222 5282
569 333 703 386 strutus
718 335 770 389 llic
1141 325 1185 390 25

102 485 192 562 liter,
209 483 332 552 sublata
348 487 496 548 aeternae
512 481 653 550 iustitiae
666 481 872 559 rectitudine,
889 487 923 550 et
935 489 1093 563 mensura,
1107 487 1229 553 nullum

101 574 167 640 erit
181 573 343 662 exemplar
357 573 397 639 ad
408 572 491 654 quod
502 572 669 638 hominurn
681 571 764 654 leges
778 577 883 638 rectae
898 576 931 640 et
945 573 1046 646 iustae
1061 574 1230 642 ellormen-

102 667 170 738 tur,
184 667 218 728 et
228 663 384 730 dicautur.
395 662 428 728 7.
442 661 716 746 Quemadmodum
730 661 759 725 si
773 679 903 730 movens
918 661 1058 744 primum
1073 663 1225 746 quiescat,

103 751 273 818 interiores
289 755 393 816 motus
407 751 637 825 conticescunt3
656 750 714 824 ita,
729 749 833 830 prima
845 751 1049 830 auctoritate,
1063 753 1168 835 prima
1180 755 1229 820 iu-

101 840 205 916 stitia,
223 840 388 922 primaque
402 839 471 921 lege
487 838 641 920 ablegata,
665 839 762 902 totius
777 839 932 904 humanae
946 840 1154 918 auctoritatis,
1179 842 1229 908 iu·

101 929 225 1003 stitiae,
237 929 379 1011 legumve
395 928 466 993 lons
484 927 656 992 exsiccetur
674 945 797 994 necesse
812 933 873 993 est.
891 929 933 994 Et
947 935 1158 1012 consequente
1169 931 1229 996 bo-

101 1017 228 1082 minum
242 1017 388 1093 societas,
399 1033 478 1100 quae
493 1015 683 1082 auctoritate
693 1017 828 1100 regitur,
839 1033 919 1100 quae
931 1017 1095 1085 iustitiaet
1107 1019 1227 1102 legibus

101 1106 289 1181 revincitur,
306 1107 464 1188 extemplo
475 1104 672 1170 dissolvetur.
1145 1149 1148 1156 «

194 1195 282 1275 Quae
296 1195 403 1259 omnia
420 1195 520 1277 legem
535 1198 694 1260 aeternam
708 1194 865 1259 humanae
880 1197 1010 1259 naturae
1032 1197 1080 1260 vel
1096 1197 1227 1278 partici-

100 1287 224 1365 patam,
243 1289 336 1367 atque
351 1283 550 1358 existentem,
567 1282 615 1349 vel
631 1283 744 1348 saltem
764 1283 971 1349 necessariam
986 1285 1170 1352 ostendunt.
1190 1287 1225 1356 Si

99 1373 305 1449 existentem,
327 1389 378 1437 res
398 1372 541 1438 conlecta
561 1375 622 1436 est.
646 1371 680 1438 Si
699 1371 825 1437 homini
840 1373 1059 1448 necessariam,
1079 1378 1114 1439 ut
1134 1380 1226 1440 natu-

99 1479 137 1524 ra
152 1478 209 1529 sua
225 1461 341 1542 vigeat,
355 1460 530 1542 ceterisque
546 1458 710 1541 copuletur
720 1461 759 1525 ad
770 1475 906 1544 quorum
918 1462 1102 1528 societatem
1116 1465 1226 1529 condi·

101 1554 153 1614 tus
168 1545 229 1624 e'st,
241 1550 294 1615 illa
306 1567 429 1633 quoquc
444 1548 564 1624 existit,
576 1567 648 1613 eum
659 1551 742 1614 Deus
753 1549 791 1613 in
807 1549 990 1614 necessariis
1005 1567 1069 1616 non
1084 1549 1222 1618 deliciet.

194 1638 237 1707 V.
251 1639 355 1706 Notae
368 1637 445 1720 legis
456 1639 607 1702 naturalis
622 1637 682 1703 hae
692 1642 778 1708 sunt:
791 1638 953 1716 dicicitur,
972 1639 1138 1715 tridentin
1152 1641 1226 1706 oni·

99 1727 280 1805 cerrotitos,
298 1725 545 1794 immutabilitas.

192 1815 300 1882 Prima
317 1819 365 1881 est
379 1816 446 1880 eius
461 1816 623 1880 divinitas.
640 1815 724 1883 Nam
742 1815 774 1881 1.
789 1813 975 1902 veliustltia
988 1819 1036 1880 est
1047 1813 1122 1897 quid
1134 1817 1225 1884 abso

100 1906 216 1980 lutum,
231 1910 406 1980 aeternum,
420 1905 576 1986 simulque
587 1903 742 1980 divinum;
756 1905 805 1970 vel
817 1921 943 1986 purum,
958 1909 1053 1986 atque
1065 1904 1226 1972 inaueho-

99 1995 225 2060 minum
237 1995 436 2078 figmentum.
452 1993 646 2060 evertentia
658 1992 795 2058 humana
807 1996 855 2058 est
867 1991 992 2058 divinae
1004 1993 1137 2058 rationis
1148 1995 1226 2062 hau·

99 2090 165 2150 stus
181 2083 249 2149 sive
264 2083 482 2163 transcriptic,
508 2084 555 2147 vel
569 2098 588 2145 a
602 2081 769 2146 brutorum
786 2081 940 2147 instinctu
964 2082 1050 2146 nullo
1066 2084 1160 2148 modo
1175 2085 1225 2149 di·

99 2171 326 2238 scriminanda.
346 2169 380 2236 3.
397 2172 457 2238 Vel
472 2169 628 2235 humanae
645 2170 729 2252 leges
740 2187 760 2235 a
770 2171 880 2237 divino
896 2170 1030 2253 quodam
1046 2171 1225 2254 imperante

99 2261 298 2334 derivantur,
316 2260 404 2325 cuius
419 2258 592 2340 imperium
607 2257 641 2322 in
657 2259 803 2325 homines
817 2260 986 2334 dilatatum
1008 2259 1055 2325 vel
1071 2265 1107 2326 ut
1123 2261 1223 2328 valer-

100 2351 259 2415 rimorum
274 2344 451 2415 commenta
467 2347 627 2412 habendae
641 2353 714 2414 sunt
729 2353 825 2430 atque
839 2348 1053 2430 expellendae.
1080 2350 1129 2415 Eu
1144 2355 1223 2431 quot

101 2443 307 2505 amoveantur
322 2443 426 2504 amota
443 2435 521 2518 legis
535 2434 716 2502 divinitate!
731 2437 834 2517 Quam
846 2437 1010 2503 rationalis
1020 2441 1149 2502 naturae
1159 2438 1224 2517 cla-

101 2529 186 2602 dem,
206 2527 253 2594 vel
269 2525 331 2608 ipsi
346 2525 466 2592 ethnici
481 2523 627 2606 apprime
641 2526 868 2606 intelligentes,
886 2529 1017 2590 naturae
1032 2525 1131 2607 legem
1143 2527 1223 2592 diui-

100 2635 187 2697 nam,
213 2611 445 2696 sempiternam,
470 2613 588 2678 sommi
603 2611 689 2678 locis
710 2616 866 2680 rationem
882 2621 910 2678 et
924 2615 1094 2694 imperium
1113 2615 1224 2696 appel-

101 2706 165 2770 lare
180 2709 421 2772 consueverunt.
439 2704 476 2768 ln
492 2719 572 2784 qrrae
586 2703 756 2784 respiciens
770 2702 902 2768 Tullius:
917 2722 935 2762 a
949 2702 1037 2769 llanc
1053 2702 1163 2783 igitur,
1178 2704 1224 2770 ait

100 2795 192 2860 video
212 2793 516 2874 sapientissimorum
537 2788 632 2854 fuisse
646 2792 851 2868 sententiam,
876 2791 978 2872 legem
1002 2809 1102 2873 neque
1118 2791 1224 2856 homi-

100 2902 178 2948 num
193 2881 331 2964 ingeniis
346 2879 572 2962 excogitatam,
589 2897 648 2944 nec
662 2881 776 2948 scitum
793 2880 921 2962 aliquod
937 2897 1003 2944 esse
1018 2881 1221 2962 populomm,

98 2973 154 3038 sed
169 2987 352 3038 durannum
367 2986 511 3047 cumani,
521 2969 601 3051 quod
616 2969 796 3034 universum
811 2969 963 3034 mundum
975 2974 1109 3050 regeret,
1121 2969 1224 3051 impe-

99 3062 205 3138 randi,
224 3059 475 3140 prohibendique
489 3057 642 3141 sapientia
647 3103 771 3123 ......
785 3057 852 3126 Nec
866 3057 907 3133 si,
925 3060 1078 3138 regnante
1092 3058 1224 3139 Tarqui·

99 3149 168 3227 nio,
183 3148 269 3213 nulla
284 3151 352 3212 erat
362 3149 482 3213 Romae
495 3148 615 3227 scripta
631 3146 683 3211 lex
696 3145 736 3210 de
750 3145 880 3226 stupris,
899 3145 1019 3210 idcirco
1033 3162 1096 3209 non
1112 3152 1222 3210 contra

98 3238 189 3302 illam
200 3237 303 3318 legem
312 3237 532 3316 sempiternom
538 3235 651 3304 Sextus
661 3234 850 3316 Tarquinius
862 3233 925 3298 vim
936 3233 1113 3308 Lucretiae,
1122 3233 1224 3298 Trici·

100 3326 201 3408 pitiui
215 3326 312 3404 tiliae,
331 3324 451 3390 attulit.
472 3325 552 3390 Erat
567 3324 654 3388 enim
668 3323 752 3388 ratio
763 3324 908 3404 prosecta
931 3337 1075 3387 crorum
1090 3329 1219 3400 notura,

100 3419 133 3480 et
149 3415 191 3480 ad
205 3419 291 3481 recte
307 3413 485 3479 laciendum
500 3413 677 3494 impellens,
691 3415 724 3477 et
739 3429 758 3476 a
774 3411 890 3476 delicto
906 3427 1050 3476 avocans:
1064 3426 1145 3492 quae
1160 3429 1224 3477 non

101 3509 179 3570 tunc
193 3503 330 3586 denique
345 3499 463 3583 in'cipit
479 3501 529 3566 lex
543 3519 610 3566 osse
624 3518 696 3566 cum
712 3501 830 3582 scripta
845 3505 905 3573 ert,
923 3499 1058 3565 sedtum
1069 3516 1140 3564 cum
1153 3503 1224 3565 orta

100 3598 161 3659 est:
175 3601 248 3658 orte
259 3601 364 3658 catera
379 3589 528 3655 estsimul
539 3605 612 3654 com
622 3597 723 3654 mente
733 3590 855 3658 divino.
865 3588 1078 3669 Quamobrem
1092 3587 1141 3653 lex
1153 3605 1225 3654 vera

102 3687 198 3764 atque
209 3686 366 3764 princeps,
376 3676 763 3761 aptandiubendumetad
772 3678 953 3755 vetandum,
964 3694 1063 3743 narro
1078 3693 1136 3741 asr
1151 3691 1224 3742 usn

102 3787 211 3837 suitur
230 3766 378 3851 revisi).
394 3791 411 3831 n
428 3767 507 3834 (lum
522 3786 599 3850 crgo
615 3766 752 3832 humana
766 3766 836 3830 iura
846 3766 1005 3840 siluerint,
1018 3765 1087 3849 ipsa
1100 3781 1225 3848 perma·
1290 3781 1312 3846 it
1335 3787 1375 3840 be
1388 3787 1470 3858 Lep,

104 3859 205 3935 nebit,
216 3865 310 3942 atque
322 3859 360 3922 ad
372 3858 480 3922 omnia
492 3874 572 3940 quae
582 3856 665 3922 iusta
675 3859 709 3920 et
720 3859 827 3920 sancta
842 3854 972 3932 luerint,
982 3855 1051 3936 ipsa
1066 3853 1225 3935 pertinget
1246 3855 1281 3928 lt,
1297 3859 1323 3911 ⁴·

104 3946 154 4014 lex
167 3949 375 4030 sempiterna,
393 3946 445 4010 lex
456 3945 599 4026 proiecta
610 3963 628 4010 a
639 3961 745 4008 rerum
756 3948 880 4021 natura,
895 3943 946 4010 lex
965 3960 1049 4020 vera,
1062 3942 1122 4008 lex
1136 3943 1225 4022 prin-

103 4053 188 4118 ceps,
203 4041 238 4102 et
249 4036 334 4102 ratio
345 4034 462 4100 summi
477 4034 549 4100 liei:
566 4051 627 4117 qua
641 4034 709 4098 Deo
722 4031 951 4109 consociamur,
970 4032 1098 4112 eiusque
1112 4031 1221 4112 stirps,

102 4130 134 4189 et
156 4143 256 4210 genus
271 4123 507 4202 constituimur,
524 4123 599 4188 dum
616 4121 719 4187 eidem
733 4121 920 4186 subiicimur
934 4118 988 4206 (o).

177 4391 218 4480 (a)
233 4367 444 4464 participatione
463 4386 569 4446 divinae
582 4387 663 4475 legis,
684 4386 754 4474 ratio
767 4387 886 4474 bumana
906 4384 941 4444 ad
955 4383 1112 4472 sublimiora
1131 4382 1223 4468 avehi-

102 4470 156 4540 tur,
180 4471 265 4544 visque
279 4466 442 4541 delectatur,
458 4481 534 4522 suam
550 4469 703 4540 recogitans
717 4462 887 4537 dignitatem.
903 4463 1042 4540 synesius,
1058 4458 1221 4530 platonicus,

1000 4535 1023 4600 d
