3228 5280
581 301 775 353 siranusvr.
1127 277 1190 344 271

2 512 6 536 ,
114 453 228 520 delicet
243 449 440 533 principum,
458 446 540 512 nihil
556 465 622 514 essa
638 465 712 531 rege
724 445 849 525 melius,
864 442 1014 526 quoniam
1025 439 1110 507 Deos
1126 458 1237 507 omnes
1597 484 1598 491 .

2 542 6 556 “
114 546 246 608 censent
265 539 359 603 unius
377 536 593 620 peginamine
609 533 652 616 1).
674 535 802 619 »Quod
820 534 883 600 ulio
899 534 967 617 ipse
982 533 1052 598 loco
1067 531 1233 596 retulerat:
1280 517 1302 589 ¹i
1319 517 1440 590 Dellep.
1458 515 1481 588 ¹,
1597 575 1599 618 ,ἓ

117 651 135 692 a
151 626 435 709 Omnesautiquae
450 632 560 707 gentes
571 625 698 706 regibus
712 624 872 710 quondam
883 626 1058 706 paruerunt
1067 619 1110 703 2).
1124 643 1141 682 »
1154 620 1235 685 Tum
1256 595 1303 742 3ξ,

116 721 219 803 ipsam
235 716 371 797 denique
388 707 523 781 llorriam
541 732 560 778 a
575 714 701 796 regibus
719 720 752 779 et
767 713 893 779 virtutis
910 709 1150 793 etgranditatis
1161 726 1234 774 suae
1257 746 1291 802 lll

113 806 245 874 exordia
259 805 418 884 retulisse,
435 802 610 886 Tarquinio
630 804 760 868 taudem
772 803 916 884 expulso,
927 819 991 866 non
1003 816 1102 881 regno
1115 798 1236 862 sadbo-
1297 748 1349 821 ’²'

2 875 6 916 ²
115 895 215 964 minis
227 894 318 958 vitio:
334 891 630 973 olicgutccivitatis
645 908 754 973 genus,
768 892 935 974 probatum
943 889 1114 972 quondum,
1125 892 1235 970 postea

2 998 6 1004 ·
117 1004 183 1052 nou
197 989 264 1050 tum
280 981 370 1063 regni
385 998 480 1062 quam
495 980 579 1061 regis
592 980 680 1045 vitiis
696 980 896 1062 repudiatum
910 987 960 1044 est
972 976 1016 1063 3).
1036 1000 1054 1040 u
1275 978 1302 1052 tt
1324 983 1367 1036 De
1387 981 1481 1055 Lep,

212 1071 271 1137 Vl.
290 1071 401 1150 Quum
412 1072 519 1134 autem
535 1063 680 1149 Scipioni
697 1068 775 1154 hacc
788 1068 961 1144 ¹disserenti
976 1070 1140 1148 regereret
1154 1065 1235 1130 Luc·
1255 1055 1305 1129 ¹¹¹2
1323 1055 1350 1113 ⁷·

116 1161 192 1235 lius,
203 1161 284 1243 apud
294 1164 379 1232 sc,ut
390 1156 598 1240 apudbouum
609 1158 950 1238 iudicemargumanta
958 1156 1026 1240 plus
1035 1159 1234 1237 quamtcstcs

119 1251 236 1324 valeria
255 1245 494 1327 tum-Scipionis
511 1247 641 1311 nomine
656 1247 861 1328 prosequitur
874 1246 999 1313 Cicero.
1019 1244 1136 1318 Probat
1151 1242 1237 1308 scili-

119 1345 172 1406 cet
186 1336 309 1419 regium
317 1335 351 1402 in
361 1324 548 1400 hominetel
554 1335 789 1400 monarcbieum
796 1353 863 1399 esse
871 1338 1020 1418 oportere
1031 1331 1167 1398 rationis
1176 1333 1238 1398 im·

2 1411 3 1454 ³
120 1427 258 1511 perium,
277 1443 340 1506 quo
357 1423 501 1500 avaritia,
516 1423 691 1497 iracundia,
705 1425 903 1505 aliarumque
915 1423 1128 1504 cupiditatum
1140 1421 1173 1484 in
1186 1439 1241 1485 ra·

123 1517 246 1582 tionem
268 1514 370 1598 ipsam
390 1511 561 1577 seditiones
576 1517 865 1592 compescerentur.
888 1514 970 1578 Tum
985 1511 1129 1598 Laelium
1145 1513 1238 1591 urget

124 1604 243 1688 Scipio:
263 1621 280 1662 o
298 1593 1068 1683 Pro'basigituranimumitaadicctumiLue'ltus:
1082 1598 1240 1682 1111ιί111Μ

1 1682 4 1724 ³
124 1712 175 1766 ro,
193 1691 311 1772 iuquit,
330 1690 443 1770 magis.
461 1688 581 1771 Scipio:
599 1689 685 1771 Ergo
702 1687 765 1754 non
780 1689 925 1772 proiecto
940 1683 1092 1772 'probares
1106 1688 1146 1763 si,
1164 1706 1241 1752 con·

2 1861 3 1868 ἵ
124 1782 200 1846 silio
207 1778 320 1863 pulso,
339 1774 485 1845 libidines
501 1785 670 1859 quaesunt
686 1779 943 1852 innumerabiles,
961 1775 1180 1856 iracundiaeve
1192 1782 1241 1843 te-

126 1874 240 1936 nerent
254 1866 375 1932 omnia.
393 1866 530 1931 Laelius:
547 1866 616 1947 Ego
632 1885 707 1932 vero
720 1867 800 1931 nibil
812 1867 874 1938 isto
887 1869 1007 1941 animo,
1019 1867 1104 1931 nihil
1117 1865 1241 1930 ituani·

126 1963 214 2023 matc
238 1955 369 2020 homine
389 1955 535 2019 miserius
550 1955 710 2020 ducerem.
724 1956 848 2037 Scipio:
866 1956 929 2023 Sub
945 1973 1042 2037 regno
1057 1955 1159 2037 igitur
1180 1953 1240 2020 tibi

2 2041 3 2048 ’
123 2045 298 2128 esseplacet
309 2062 417 2110 omues
429 2044 530 2109 animi
542 2049 767 2130 partes‚eteas
780 2044 846 2125 regi
856 2044 1003 2110 consilio.
1014 2041 1242 2122 Laeliustllibi

122 2153 199 2201 vcro
215 2135 260 2198 sic
276 2133 392 2214 placet.
413 2156 431 2195 a
448 2134 536 2198 Tunc
551 2133 665 2198 maiori
682 2131 804 2216 impetu
815 2133 934 2215 Scipio:
955 2153 972 2192 a
990 2132 1055 2199 Cur
1070 2133 1169 2220 igitur
1185 2132 1242 2196 du-

122 2225 208 2289 bitas
223 2223 298 2306 quid
311 2222 351 2287 de
362 2221 530 2303 republica
547 2221 681 2286 sentias?
690 2224 727 2286 ln
739 2239 812 2304 qua,
827 2222 853 2286 si
866 2221 899 2286 iu
912 2223 1018 2304 plures
1030 2223 1180 2287 translata
1193 2238 1242 2284 res

125 2313 183 2386 sit,
200 2311 339 2392 intelligi
355 2311 420 2391 iam
437 2310 523 2383 licet,
538 2312 658 2375 nullum
672 2309 739 2375 iore
750 2311 834 2393 quod
844 2312 961 2392 praesit
969 2309 1243 2396 imperiumquod

124 2401 265 2484 quidem,
285 2399 347 2463 nisi
363 2417 460 2462 unum
472 2399 528 2471 sit,
546 2415 613 2462 csse
630 2399 751 2464 nullum
766 2406 875 2483 potest
888 2397 933 2482 d).
954 2423 972 2463 a
1285 2401 1311 2468 ll
1336 2403 1378 2457 De
1398 2403 1490 2474 dep,

204 2489 279 2554 Vll.
293 2491 322 2552 Α
338 2487 457 2569 privati
472 2487 612 2569 bominis
623 2489 784 2569 exemplo,
795 2490 829 2552 in
841 2506 904 2570 quo
916 2489 1008 2554 unius
1022 2486 1157 2552 rationis
1168 2505 1244 2552 ccu-
1267 2476 1289 2550 Ι,
1305 2475 1351 2533 ³²·

125 2578 201 2643 silio
216 2580 367 2657 reguntur
382 2576 503 2649 omnia,
518 2577 558 2640 ad
570 2577 631 2640 alia
644 2577 929 2658 delabiturScipio:
939 2599 956 2638 «
966 2577 1049 2658 Quid
1061 2576 1245 2642 domltllu-

127 2684 179 2738 res
196 2683 235 2730 ue
251 2669 399 2748 praesunt
415 2665 550 2746 negmiis
565 2665 644 2730 tuisi
655 2665 794 2731 Laelius:
810 2667 915 2731 Immo
933 2684 1008 2732 vero
1020 2683 1112 2740 uuus,
1126 2665 1243 2748 inquit.

126 2753 246 2837 Scipio:
271 2753 371 2834 Quid?
386 2754 499 2818 Totam
513 2754 644 2819 domum
661 2772 737 2819 num
752 2755 825 2838 quis
838 2757 933 2828 alter,
951 2759 1079 2836 practer
1092 2759 1125 2820 te
1139 2754 1246 2835 regit?

126 2843 265 2910 Laelius:
280 2841 416 2910 Minime
431 2858 518 2908 vero.
536 2842 657 2926 Scipio:
674 2842 765 2922 Quin
778 2849 813 2908 tu
827 2844 928 2924 igitur
948 2842 1095 2909 concedis
1111 2843 1196 2908 idem
1211 2841 1245 2908 in

126 2935 164 2996 rb
179 2930 305 3013 publica
320 2930 517 3011 singulorum
529 2931 721 3005 dominatus,
739 2931 766 2995 si
783 2933 878 2997 modo
898 2932 974 2997 iusti
989 2932 1067 3004 sint,
1081 2949 1149 2997 esse
1160 2932 1247 3014 opti·

127 3021 222 3086 most
237 3018 373 3096 Laelius:
391 3019 540 3084 Adducor
553 3019 666 3102 igitur,
683 3026 716 3085 et
732 3021 963 3101 propemodum
988 3017 1207 3103 adsentienti).
1227 3044 1245 3084 a
1287 3019 1313 3094 5)
1328 3019 1377 3094 lbi,
1394 3021 1439 3075 ³9·

128 3109 208 3175 inde
224 3123 389 3188 assurgens
403 3106 526 3188 Scipio:
542 3129 559 3168 a
576 3110 657 3174 Tum
672 3110 774 3191 magis
789 3110 980 3183 adsentiarc‚
994 3108 1096 3182 Laeli,
1111 3109 1138 3173 si
1150 3109 1247 3174 omit·

127 3201 197 3263 tam
211 3195 446 3269 similitudines,
467 3196 524 3260 uui
544 3198 760 3279 gubernatori,
779 3198 833 3262 uui
850 3199 986 3272 medico,
1003 3197 1030 3261 si
1047 3199 1142 3282 modo
1156 3197 1246 3279 digni

128 3284 400 3361 siracusanum,
419 3285 537 3350 rectius
553 3304 621 3350 esse
638 3286 732 3351 alteri
754 3303 864 3352 navem
882 3287 1098 3361 committere,
1116 3303 1246 3368 aegrum

128 3373 236 3447 alteri,
253 3391 347 3458 quam
362 3373 484 3450 multis,
504 3375 543 3439 ud
559 3375 681 3440 maiora
696 3375 928 3459 pervenerat).
945 3399 962 3438 n
979 3377 1058 3444 Sunt
1073 3381 1177 3440 autem
1190 3373 1246 3438 illa
1288 3366 1314 3440 6)
1329 3366 1383 3441 lla,
1399 3368 1445 3424 ⁴⁰·

128 3463 264 3536 maiora,
282 3461 365 3526 iacta
378 3462 504 3544 publicu
519 3481 599 3546 quae
610 3461 764 3528 continuo
779 3464 1003 3529 subiiciuatur:
1015 3484 1033 3524 a
1047 3464 1156 3537 Vides,
1170 3466 1248 3530 Tar·

128 3551 241 3635 quinio
257 3556 379 3624 exacto,
394 3550 476 3615 mira
491 3553 625 3633 quadam
640 3552 795 3642 exultasse
811 3555 960 3638 populum
972 3552 1140 3618 insolentia
1152 3553 1249 3617 liber·

131 3640 221 3705 tatis:
239 3643 307 3704 tum
321 3638 425 3704 exacti
439 3639 475 3708 iu
492 3641 622 3706 exilium
638 3641 833 3716 innocentes,
853 3648 921 3708 tum
938 3641 1017 3706 buna
1028 3641 1153 3723 direpta
1166 3641 1248 3705 mul·

130 3732 251 3801 torum,
264 3733 332 3792 tum
344 3727 442 3791 annui
454 3730 609 3804 consules,
619 3733 685 3794 tu'm
697 3730 826 3795 demissi
838 3733 955 3814 populo
971 3731 1082 3803 fasces,
1094 3738 1161 3796 tum
1172 3749 1248 3814 pro-

130 3817 471 3902 vocationesomnium
488 3835 607 3892 rerum,
625 3825 694 3884 tum
711 3821 846 3884 secessio
858 3820 969 3902 plebis,
984 3825 1052 3885 tum
1063 3837 1191 3902 prorsus
1202 3819 1248 3896 ita
1364 3899 1368 3907 Ι

132 3910 203 3970 acta
225 3905 387 3988 pleraque,
404 3909 440 3974 ut
456 3906 489 3969 in
505 3908 623 3988 populo
638 3912 742 3973 essem
757 3908 866 3976 omnia
882 3909 926 3990 7).
948 3932 965 3971 n
982 3910 1019 3974 ln
1035 3927 1130 3992 quam
1146 3911 1249 3974 locum
1293 3896 1316 3970 7)
1334 3897 1398 3955 ltu,

132 3993 222 4059 addit
236 3994 353 4060 Maius:
373 4014 391 4054 a
408 3994 542 4060 Easdem
553 3997 750 4082 calamitates
767 4005 876 4064 narrat
892 3998 1041 4082 Polybius
1052 3998 1202 4065 accidisse
1214 3999 1249 4064 in

132 4082 210 4146 urbe
224 4083 381 4156 Messene,
399 4100 461 4164 quo
479 4087 622 4166 tempore
637 4085 681 4150 ibi
698 4087 760 4152 luit
775 4088 982 4162 democratiu3
1001 4105 1041 4152 nc
1056 4087 1249 4152 recentioris

132 4170 216 4253 apud
232 4188 287 4236 nos
303 4171 445 4254 exempla
461 4190 757 4248 commemoremus,
768 4194 849 4260 quae
865 4177 1124 4243 suutnotissims.
1137 4177 1250 4240 »llaec

133 4258 203 4334 illc,
221 4276 305 4325 anno
323 4258 423 4332 1822.
442 4259 538 4344 Quid.
556 4263 680 4343 postca?
695 4265 814 4329 Eadem
829 4272 965 4348 semper,
983 4266 1017 4329 in
1031 4263 1184 4329 libertatis
1200 4265 1250 4326 in-

132 4348 283 4507 sobembb:
294 4369 314 4408 «
324 4349 416 4436 Plebs
426 4350 528 4414 soluta
536 4351 625 4430 regio
635 4357 737 4427 metu,
746 4353 861 4435 agitari
870 4358 981 4437 coepta
991 4352 1167 4418 tribunitiis
1176 4370 1250 4434 pro-

132 4437 222 4504 celis
274 4457 320 4500 t»
413 4499 417 4510 ,
456 4445 495 4465 ’·
1292 4461 1494 4534 ΗΜΝἾΠ,

234 4526 324 4591 Vlll.
343 4526 401 4592 llla
424 4545 497 4594 vero
515 4527 679 4597 lasciviens
696 4529 931 4614 libertssuuam
952 4529 1148 4614 ineptissima
1164 4530 1248 4596 iuret
1310 4457 1317 4533 '

1328 670 1480 741 Deua,
