3224 5282
429 345 474 422 94
874 365 969 414 nrnun
985 365 1007 413 v.

384 529 446 594 qne
461 512 685 577 nonnullorum
701 512 783 577 mala
798 512 989 578 consuetudo
1002 509 1051 576 ius
1071 510 1241 593 praebebat
1255 510 1439 593 religiosam
1455 511 1503 576 di·

383 600 546 684 scerpendi
562 601 717 668 unitatem
733 617 751 664 a
766 619 828 683 qua
840 600 904 665 iam
914 601 1070 666 malornm
1078 600 1220 664 remedia
1230 599 1435 683 parabantur.
1445 604 1504 666 At-

385 695 491 754 tamen
506 689 673 770 imperitos
688 689 737 754 vel
752 689 872 755 iamdiu
889 689 1035 755 infirmos
1050 689 1172 753 animos
1186 693 1334 771 ceperant
1348 688 1504 754 reforma-

385 777 524 844 tioniset
536 778 692 845 libertatis
702 778 939 844 vocabulalluc
951 776 1109 860 principes
1119 781 1344 852 convenerant,
1355 777 1412 858 qui
1423 777 1504 842 iam·

384 865 508 949 pridem
524 885 587 933 non
603 867 748 932 civilibus
771 867 877 942 modo,
893 866 947 931 sed
968 865 1189 932 ecclesiasticis
1211 865 1331 947 legibus
1346 865 1504 948 imperare

384 955 590 1020 conabantur.
607 956 676 1022 lluc
691 955 741 1020 illi
755 975 795 1022 ex
808 962 943 1037 utroque
957 954 1055 1030 clero,
1072 955 1126 1036 qui
1138 955 1291 1019 solemnia
1303 960 1376 1020 vota
1387 960 1421 1026 et
1433 972 1505 1020 san-

384 1043 557 1109 ctissimam
580 1061 617 1109 ao
636 1045 914 1125 prudentissimam
928 1043 1098 1109 caelibatus
1114 1043 1216 1125 legem
1238 1043 1502 1124 aspernabantur.

386 1132 454 1196 lluc
469 1131 606 1196 effrenae
628 1132 785 1199 libertatis
808 1136 976 1206 amatores,
994 1132 1049 1214 qui
1072 1149 1152 1196 nova
1174 1131 1301 1215 quaevis
1324 1131 1505 1210 effutiendi,

386 1220 519 1284 docendi
535 1220 583 1284 vel
595 1222 720 1303 agendi,
732 1222 859 1305 dignam
875 1221 1004 1287 homine
1019 1220 1248 1304 philosophiam
1263 1219 1503 1288 existimabant.

386 1309 621 1374 Excandescens
637 1314 670 1375 et
681 1310 866 1377 tribunitius
874 1309 1008 1374 Lutheri
1020 1309 1169 1390 impetus,
1184 1313 1306 1373 versuta
1317 1306 1444 1375 Calvini
1455 1327 1507 1374 so-

388 1396 558 1478 phismata,
572 1397 713 1470 litterata
724 1398 934 1466 Melanctonis
946 1397 1137 1472 humanitas,
1152 1397 1200 1461 vel
1213 1397 1297 1460 nulla
1309 1397 1356 1461 vel
1368 1398 1408 1462 ad
1421 1416 1508 1462 sum·

388 1503 476 1550 mum
491 1485 644 1552 mediocri
658 1487 742 1552 tama
757 1487 990 1553 inclaruissent.
1006 1486 1068 1554 Sed
1082 1486 1219 1568 palmam
1240 1484 1316 1566 tulit
1331 1485 1402 1568 ipsa
1418 1505 1509 1552 erro-

303 1584 310 1594 *
387 1575 432 1639 ris
448 1574 560 1653 torma,
577 1579 657 1658 quae
673 1577 781 1641 omnia
795 1576 976 1658 passionum
993 1575 1041 1640 vel
1056 1575 1220 1640 haeresum
1238 1579 1385 1657 portenta
1403 1574 1439 1640 in
1456 1593 1508 1640 ea-

388 1663 539 1730 tholicam
554 1664 655 1746 legem
671 1670 726 1730 aut
736 1665 914 1739 lidemnno
929 1664 1012 1738 sinu,
1022 1682 1085 1728 uno
1101 1662 1218 1730 vexillo
1232 1668 1265 1728 et
1280 1662 1407 1744 agmine
1418 1681 1508 1728 com-

388 1753 595 1836 plectebatur.
612 1753 728 1837 Magna
744 1759 819 1818 tunc
835 1753 948 1818 horum
971 1754 1063 1835 copia
1086 1753 1287 1827 exuberabat,
1304 1750 1391 1816 velut
1405 1755 1510 1834 stipu-

389 1841 437 1905 lae
452 1843 491 1904 ad
506 1843 752 1910 comburendum
767 1846 874 1924 aptae:
888 1841 1027 1906 scintilla
1043 1845 1168 1908 tantvrm
1184 1839 1421 1924 expectabatur,
1441 1859 1508 1907 non

389 1929 566 2011 ingenium,
584 1949 646 1995 non
663 1933 774 2006 virtus,
790 1931 845 1994 sed
855 1930 957 1996 audax
971 1943 1093 1995 manus.
1106 1930 1196 1995 lianc
1207 1929 1321 1994 extulit
1331 1927 1507 2008 Luthems,

387 2019 478 2187 fidius
492 2019 671 2085 miserrima
686 2020 740 2086 illa
753 2019 896 2085 iactatio:
910 2017 1014 2085 Homo
1028 2036 1111 2097 ram,
1130 2026 1159 2083 et
1172 2035 1220 2083 me
1234 2016 1342 2099 flante,
1356 2019 1442 2084 orbis
1458 2022 1510 2084 in·

432 2107 586 2172 minatur!

484 2195 578 2262 XIX.
596 2196 734 2274 Interea,
752 2194 894 2279 legitima
909 2194 1171 2262 tridentinorum
1194 2192 1437 2272 reformatione,
1458 2215 1511 2262 re-

390 2282 522 2358 llorehat
536 2285 689 2352 Ecclesia:
706 2284 958 2352 Protestantium
973 2301 1047 2348 vero
1058 2283 1237 2366 illegitima,
1254 2283 1409 2365 quidqud
1425 2287 1510 2368 apud

389 2371 474 2454 ipsos
490 2373 565 2438 honi
581 2380 789 2448 remanserat,
807 2371 956 2455 usquead
971 2371 1510 2440 finemabsunebatur..nbsolutis-

388 2461 470 2526 simo
484 2464 569 2527 enim
580 2463 721 2545 privatae
735 2463 867 2527 rationis
879 2459 1014 2544 imperio
1026 2461 1212 2536 constituta,
1227 2478 1323 2527 omne
1335 2460 1394 2526 Dei
1407 2461 1443 2526 in
1456 2482 1509 2528 ra-

389 2549 512 2615 tionem
521 2553 621 2633 ipsam
629 2551 740 2617 mahat
746 2548 1026 2634 imperium.Sacra
1033 2550 1161 2632 qviidem
1169 2549 1273 2624 Biblia
1282 2553 1407 2614 retenta
1418 2558 1506 2618 sunt:

388 2639 445 2702 sed
458 2657 568 2703 eorum
585 2639 688 2704 omnis
703 2640 803 2705 virtus
818 2637 855 2704 ac
868 2637 1020 2704 divinitas
1035 2642 1216 2712 evanuerat,
1235 2655 1275 2704 ex
1289 2654 1352 2720 quo
1372 2639 1509 2706 volubili

385 2720 583 2808 singuldrnm
595 2727 853 2810 interpretationi
863 2726 1121 2792 subiiciebantur.
1132 2727 1238 2794 Biblia
1249 2727 1406 2792 omnesut
1417 2746 1509 2793 com-

385 2832 482 2880 mune
497 2817 647 2881 vexillum
670 2816 850 2890 cherentea,
867 2816 922 2880 sed
937 2833 992 2880 suo
1008 2816 1141 2898 quisque
1156 2815 1251 2881 libitu
1266 2833 1303 2879 ea
1319 2814 1509 2897 discerpen-

385 2907 445 2978 tes,
470 2922 534 2969 non
551 2905 625 2972 inde
639 2905 839 2986 religionem,
857 2905 912 2970 sed
927 2904 1123 2980 anarchiam,
1141 2922 1201 2986 pro
1215 2903 1327 2968 divino
1342 2903 1415 2968 iure
1431 2923 1509 2970 con

384 2992 570 3059 stituebant:
580 2993 761 3076 nullumque
770 2993 870 3075 magis
877 2992 1055 3059 absolutum
1064 2992 1233 3060 anarchiae
1240 2992 1401 3074 exemplar
1409 3011 1507 3075 qnam

384 3081 678 3148 Protestantismus.
696 3081 791 3149 Cuius
806 3083 941 3148 asseclae
952 3080 1127 3146 Lutherani
1143 3081 1351 3164 appellantur,
1365 3078 1508 3146 Caluini·

383 3171 668 3254 stae,Zvvingliani,
679 3171 860 3252 Anglicani
871 3168 1045 3244 Sociniani,
1056 3168 1504 3252 Arminiani,hnahaptistae,

383 3259 595 3343 Episcopales,
612 3259 772 3335 Puritani,
786 3259 939 3339 Quakeri‚
954 3259 1127 3335 anseisus,
1141 3257 1314 3340 Rongistae
1327 3261 1390 3333 eto;
1402 3275 1442 3322 ea
1454 3277 1506 3324 ra·

383 3348 471 3413 tinne
486 3366 559 3432 qua,
577 3349 695 3415 exortis
708 3348 929 3422 seditionibus,
947 3346 1102 3412 laetiones
1117 3366 1135 3412 a
1150 3348 1216 3412 suis
1235 3346 1366 3411 ducibus
1381 3345 1505 3428 indigi·

384 3442 503 3502 tantur.
521 3438 621 3519 Atqui
636 3437 750 3502 divisio
765 3455 846 3519 quae
861 3437 931 3501 sine
946 3438 1009 3500 line
1025 3436 1059 3500 in
1075 3435 1238 3502 contraria
1259 3433 1426 3509 dividitur,
1453 3452 1506 3499 res

383 3523 520 3596 humana
535 3530 594 3600 est,
612 3528 706 3607 atque
721 3525 760 3588 ad
775 3525 1015 3591 dissolutionem
1031 3524 1227 3607 pertingens.

471 3612 549 3678 XX.
558 3611 664 3686 Certe,
675 3612 756 3677 nihil
767 3617 892 3695 praeter
900 3614 1098 3678 miserrimae
1104 3611 1271 3677 seditionis
1282 3608 1503 3676 characterem

385 3700 523 3765 inveniri
538 3700 572 3764 in
589 3702 865 3782 protestantismo,
883 3702 946 3783 ipsi
962 3702 1025 3765 iarn
1049 3701 1194 3766 sentiunt
1209 3701 1441 3774 Protestantes,
1458 3699 1503 3763 si·

385 3787 514 3871 mulque
529 3787 763 3856 inhorrescunt.
781 3790 857 3857 Sine
871 3787 1009 3872 origine:
1028 3807 1092 3853 non
1110 3790 1197 3854 eninr
1212 3789 1297 3853 ultra
1312 3787 1502 3862 Luthemm,

385 3874 550 3943 Calvinum
565 3879 614 3942 vel
629 3878 815 3955 Henricum,
835 3897 945 3944 eorum
961 3879 1058 3960 stirps
1074 3882 1169 3960 atque
1183 3895 1293 3960 genus3
1311 3875 1345 3941 in
1362 3893 1440 3958 quos
1455 3873 1504 3940 vel

386 3966 494 4031 oculos
510 3967 669 4043 attollere,
687 3986 782 4033 nemo
793 3969 944 4034 honestus
961 3986 1025 4033 non
1041 3965 1209 4032 erubescit.
1224 3964 1300 4033 Sine
1311 3965 1503 4040 sacerdotio,

385 4054 455 4119 sine
471 4055 567 4120 altari
582 4061 615 4122 et
629 4057 799 4133 sacrificio,
813 4075 875 4142 quo
887 4058 926 4122 ad
936 4056 1040 4121 Deum
1053 4055 1216 4130 accedant:
1226 4053 1295 4119 sine
1308 4053 1370 4119 ulla
1382 4053 1459 4119 lidei
1470 4071 1507 4117 u·

387 4143 502 4218 nitate,
520 4161 581 4227 qua
596 4145 733 4211 invicem
748 4147 995 4227 coniungantnr;
1009 4143 1077 4208 lere
1092 4143 1161 4210 sine
1175 4143 1241 4209 ulla
1252 4145 1355 4208 cultus
1366 4142 1507 4207 exterio·

387 4231 433 4295 ris
448 4232 566 4314 specie,
576 4251 639 4316 quo
650 4233 780 4301 allectus
791 4239 858 4300 tarn
869 4234 1009 4300 suaviter
1020 4233 1164 4320 inlleuvp
1175 4232 1349 4308 elevantum
1360 4231 1430 4295 sine
1440 4231 1506 4296 ullo

387 4319 598 4396 sacramento,
617 4340 679 4404 quo
694 4322 815 4389 ollenso
829 4323 964 4391 Numini
976 4321 1236 4398 reconcilientnr;
1250 4319 1394 4403 quodque
1404 4319 1507 4386 maxi-

387 4427 475 4476 mum
490 4414 550 4492 est,
568 4409 637 4476 sine
648 4411 756 4478 divino
768 4411 964 4495 magisterio,
979 4429 1041 4494 qun
1054 4410 1231 4478 Biblinrum
1243 4425 1332 4476 sensa
1343 4407 1505 4492 explicen-

386 4503 449 4577 tur,
468 4501 516 4567 vel
535 4499 715 4570 enmcentia
736 4501 830 4569 duhia
848 4520 913 4568 non
936 4499 1104 4570 temnenda
1127 4499 1316 4568 auctoritate
1337 4496 1497 4566 resolvan-
