3238 5282
418 273 483 342 186
856 297 952 346 uuuo
968 297 1002 346 n.

459 440 584 510 xxiii.
603 440 867 525 Praeseriptionis
881 403 1023 526 aequitas
1039 443 1140 528 magis
1151 441 1312 527 magisque
1323 443 1496 520 elucescet,

371 526 399 592 si
415 530 616 596 conditiones
631 530 837 598 advertuntur
847 534 963 616 quibus
977 549 1047 626 earn
1064 532 1114 600 ier
1127 533 1351 601 communivit:

611 657 773 733 Purafides,
789 659 994 732 iustustituius,
1010 654 1055 718 'res
1068 677 1122 720 uon
1136 661 1242 736 vitioso,
1282 657 1285 666 ’

613 734 777 808 Legitimum
790 742 911 812 tempus,
927 737 1064 809 possessio
1077 737 1262 834 nuntiantis·

372 852 465 924 Puro
475 866 530 918 seu
540 835 624 913 oona
631 841 718 932 piiss,
729 849 867 931 prudens
879 835 991 935 nempe
1000 848 1153 915 iudicium
1161 868 1224 935 quo
1232 849 1302 934 quis
1310 852 1414 920 eredit
1423 871 1498 920 rem

370 961 466 1024 quam
482 936 620 1026 possidet
635 954 724 1001 suam
739 955 819 1013 esse,
838 943 906 1005 toto
918 939 958 1004 ad
969 938 1215 1022 usucapiendum
1226 941 1398 1025 praefinito
1410 947 1498 1010 tem·

369 1032 458 1120 puris
472 1027 590 1114 spatio,
606 1026 783 1110 requiritur
797 1045 838 1092 ex
852 1027 921 1092 iure
935 1026 1102 1104 canonico,
1121 1032 1154 1095 et
1165 1029 1302 1096 notumii
1313 1031 1495 1114 aequitate,

369 1120 446 1186 iioet
462 1119 512 1192 ius
526 1115 620 1182 civite
634 1115 738 1198 sotum
752 1117 905 1200 temporis
920 1116 1051 1186 initium
1067 1123 1308 1184 commemoret.
1326 1117 1439 1184 Iustus
1455 1122 1497 1186 ti-

369 1209 456 1288 tuius
471 1209 524 1273 iiie
539 1209 600 1281 est,
619 1203 853 1290 quieoiorutut
864 1205 996 1280 dicitur,
1008 1223 1064 1270 seu
1080 1205 1135 1288 qui
1150 1205 1230 1272 bona
1245 1207 1373 1288 quidem
1389 1209 1458 1274 tide
1469 1209 1500 1274 i·

368 1297 641 1380 doneus‘putatur,
651 1311 718 1358 uon
729 1297 777 1358 est
789 1299 897 1360 tomen
909 1294 950 1364 ob
961 1295 1062 1360 latens
1073 1294 1201 1379 aliquod
1213 1294 1340 1361 vitium.
1355 1295 1419 1362 ne
1428 1316 1499 1363 non

368 1387 486 1452 oitioso
499 1388 548 1450 est
562 1400 600 1446 ea
614 1399 695 1464 quae
710 1382 840 1467 usucapi
858 1401 925 1464 non
939 1382 1157 1467 prohibeatur,
1174 1385 1223 1470 vei
1241 1390 1498 1468 suaptenatura,

367 1475 418 1544 vel
434 1493 474 1540 ex
489 1472 567 1555 tegis
582 1469 656 1536 odio
672 1474 726 1536 aut
740 1471 860 1563 fauore.
878 1471 1065 1555 Legitimum
1079 1479 1212 1552 tempus:
1226 1469 1266 1537 n'e
1286 1473 1411 1538 domini
1428 1492 1501 1539 ma-

367 1565 471 1632 turius
484 1557 549 1628 suis
561 1560 654 1628 rebus
664 1558 878 1654 privarentur.
889 1557 1029 1626 Tandem
1037 1560 1192 1642 possessio
1203 1561 1402 1640 continuato:
1412 1581 1500 1648 quae

367 1673 433 1720 non
449 1669 538 1717 mera
553 1650 696 1715 detentio
707 1648 763 1724 sit,
776 1650 830 1714 sed
842 1645 944 1714 oiviiis
954 1647 1124 1733 possessio,
1138 1666 1219 1732 quae
1230 1667 1345 1732 nempe
1356 1651 1500 1716 dominii

368 1743 465 1810 tituto
480 1746 514 1806 et
529 1739 637 1813 animo
652 1738 816 1805 iuieiatur.
834 1739 920 1804 Haeo
931 1737 958 1803 si
971 1738 1080 1803 omnia
1094 1741 1276 1814 occurrant,
1290 1739 1370 1805 nihii
1384 1739 1499 1806 eritin

368 1828 621 1914 praescriptione
636 1827 720 1911 quod
735 1827 799 1902 iuri
815 1827 952 1892 naturali
968 1845 1033 1892 non
1049 1826 1188 1892 maxime
1203 1833 1371 1908 congruat.

456 1917 581 1983 XXIV.
599 1916 730 1982 Utinam
745 1917 816 1980 iura
832 1916 1000 1981 naturalia
1007 1920 1042 1980 et
1056 1915 1164 1994 oiviiip
1177 1924 1302 1997 semper
1317 1917 1395 1982 odeo
1416 1916 1503 1982 ami·

368 2025 405 2072 ee
420 2006 668 2088 conspirassent,
684 2004 767 2068 sleut
779 2005 813 2067 in
829 2004 869 2068 iis
880 2022 961 2087 quae
975 2005 1127 2072 haetenus
1138 2001 1429 2088 attigimusisserte
1442 2023 1500 2070 na·

368 2101 475 2162 turam
490 2094 591 2175 sequi,
606 2093 710 2176 prirua
720 2097 770 2158 est
779 2093 1025 2174 legumlatorum
1033 2091 1188 2177 sapientia
1200 2097 1233 2159 et
1244 2093 1402 2182 officium..
1413 2093 1501 2162 Con·

369 2184 447 2251 ditis
462 2187 569 2249 autem
585 2182 623 2246 ad
636 2185 786 2268 naturam
802 2180 936 2264 iegibus,
954 2182 1094 2247 otiieium
1105 2181 1170 2248 erit
1182 2181 1499 2260 iurisconsultorum,

372 2270 543 2354 legalitatis
556 2271 750 2353 religionem,
766 2288 830 2334 nou
845 2270 1098 2351 superstitionem
1111 2270 1238 2336 sectari.
1251 2270 1394 2337 Societas
1408 2272 1500 2338 enirn

372 2360 490 2427 aiieubi
503 2361 564 2425 hoo
579 2353 668 2444 quasi
683 2359 717 2423 in
734 2359 860 2444 gurgite
876 2360 1007 2434 laborat,
1024 2363 1074 2434 nt,
1091 2358 1222 2452 dimissa
1237 2359 1379 2425 hominis
1394 2364 1428 2427 et
1451 2380 1502 2426 so-

293 2509 297 2517 .
371 2449 724 2531 eietatissimpiieitate,
738 2449 948 2530 imperiorum
959 2453 993 2514 et
1004 2449 1197 2530 regiminum
1209 2449 1502 2524 venatores,liber·

371 2541 446 2606 tatis
465 2543 644 2622 praetextu,
662 2538 747 2619 leges
760 2555 818 2621 pro
835 2538 929 2604 libitu
942 2537 1094 2613 condant,
1111 2538 1228 2604 deinde
1240 2539 1374 2619 popuios
1386 2539 1500 2620 legaii-

371 2628 447 2695 tatis
461 2629 650 2712 pondereet
665 2626 811 2692 'versutiis
821 2631 1002 2703 conterent,
1012 2627 1185 2710 usquedum
1196 2630 1373 2692 restaurata
1383 2625 1501 2692 humo·

370 2716 405 2783 ni
421 2717 547 2800 generis
564 2716 698 2791 familia,
713 2715 842 2800 antiqua
858 2732 1054 2800 paganorum
1068 2716 1221 2803 servnno
1231 2715 1354 2806 ‚reema
1368 2733 1501 2782 eoeree·

371 2810 454 2872 atur.
566 2851 580 2877 .,
