3222 5282
437 289 479 356 tti
882 310 978 361 arura
994 312 1016 361 r.

389 457 459 535 pta:
472 463 549 534 ergo
561 467 662 538 neque
673 457 831 531 naturam,
846 473 948 542 aeque
961 463 1083 542 partam
1099 453 1194 520 babet
1208 452 1445 546 infinitiquurn
1460 471 1510 516 re·

389 545 508 624 pugnet
522 541 686 608 inlinitum
700 541 823 620 aulul,
834 544 953 628 nansi,
971 545 1020 611 vel
1033 545 1188 610 limitibus
1198 543 1402 608 circumduci.
1416 542 1509 608 Unde

389 631 498 714 itaque
508 628 558 702 illi
569 631 719 696 notiones
731 633 846 699 veriet
861 635 937 701 boni
951 633 1091 701 infiniti?
1102 638 1132 699 Α
1145 631 1254 699 divine
1263 631 1414 713 imagine,
1428 631 1511 696 divi-

350 789 353 798 ,
389 735 494 802 noque
508 718 641 795 lumine,
659 719 721 804 ipsi
736 721 896 788 audiviuo
908 740 945 790 ac
956 721 1141 808 plenissimo
1152 721 1316 790 intellectu
1324 720 1509 805 affulgente.

388 805 481 888 Quod
496 807 607 889 paucis
619 810 826 876 ciolrenduar
836 816 898 878 est.

480 896 541 962 Vl.
559 899 646 962 Ante
660 898 784 976 omnia,
800 899 972 968 existentia
987 898 1134 984 paneam
1148 903 1197 967 ast
1211 897 1393 972 intellectus
1407 903 1512 964 aeter-

389 983 436 1050 ni.
454 985 584 1052 Etenim
599 992 724 1053 mentes
738 986 897 1055 humanae
911 990 1106 1074 participant
1119 988 1160 1054 de
1174 987 1320 1062 venum,
1334 987 1416 1052 aliae
1426 987 1512 1071 plus,

388 1072 469 1139 aliae
484 1073 604 1142 minus:
621 1075 677 1141 sed
692 1077 779 1142 nulla
794 1082 899 1146 totum
914 1079 1139 1164 complectitur
1152 1078 1333 1144 vernulam.
1351 1077 1511 1153 innuero,

392 1182 411 1223 n
428 1180 525 1228 omne
544 1163 630 1248 qnod
645 1165 797 1233 convenit
811 1167 909 1234 alieni
929 1185 988 1252 per
1000 1166 1294 1252 participationem,
1311 1166 1401 1249 prius
1416 1168 1515 1231 estin

387 1251 496 1333 aliquo
512 1253 764 1321 substantialiter
780 1277 813 1323 a.
830 1257 917 1324 llaec
931 1257 1109 1342 propositio
1133 1254 1393 1321 mathematicam
1413 1255 1516 1320 refert

386 1341 596 1407 evidentiam:
607 1345 766 1426 montedo
778 1345 866 1410 enirn
877 1352 960 1416 esset
970 1346 1197 1430 participatum
1208 1345 1279 1408 sine
1289 1361 1328 1409 eo
1341 1360 1359 1429 a
1370 1360 1517 1428 quoper-

389 1429 538 1512 ticipetio
554 1431 613 1498 siti
628 1431 735 1514 Quum
751 1451 829 1517 ergo
839 1436 948 1502 anima
963 1435 1100 1520 buinuna
1112 1434 1156 1499 sit
1167 1432 1361 1498 intellectiva
1373 1449 1517 1516 perpar-

388 1519 625 1600 tioipationem‚
638 1516 792 1588 incoasse
803 1529 852 1590 est
862 1543 959 1609 supra
970 1524 1071 1608 ipsam
1082 1518 1516 1614 aliquemessejntellectum

387 1626 513 1693 semper
526 1611 561 1675 iu
578 1616 650 1677 ecta
665 1612 870 1692 eusteniam,-
888 1620 921 1682 et
936 1614 1080 1682 totaliter
1102 1610 1282 1695 perfectum
1296 1609 1516 1691 intelligentie

185 1707 208 1780 tt
226 1708 254 1762 S.
270 1704 366 1760 ibon.
388 1698 534 1780 veritatis
551 1698 582 1784 1)
599 1723 631 1767 a.
673 1781 675 1786 Ι

142 1782 370 1857 qaaestbeopt-
478 1787 556 1854 llll.
573 1790 632 1856 Est
643 1789 745 1871 igitur
758 1790 921 1856 meusliai
934 1795 1078 1866 aeterne.
1091 1803 1220 1855 omnem
1235 1787 1405 1854 veritam
1418 1792 1452 1852 et
1464 1803 1516 1851 ae·

141 1864 193 1917 rit.
207 1858 367 1915 0111111111·
388 1874 546 1956 quitatem
557 1877 763 1958 originaliter
772 1884 806 1945 et
816 1879 1068 1946 substantialiter
1079 1877 1363 1959 contineusz‘quae
1378 1880 1417 1942 at
1427 1891 1516 1940 crea-

389 1967 438 2028 tus
454 1969 577 2028 mentes
592 1983 667 2029 suae
682 1967 829 2032 veriatis
843 1985 880 2032 ae
894 1967 1038 2032 iustitiae
1052 1967 1225 2050 participes
1239 1967 1392 2038 alliceret,
1411 1981 1466 2030 eas
1477 1965 1516 2028 ad

317 2113 321 2126 ,
388 2051 438 2114 sui
454 2051 701 2120 similitudinem
720 2055 877 2132 condidit,
894 2074 1011 2140 suoque
1026 2057 1147 2121 lumine
1161 2053 1346 2119 illustravit.
1363 2054 1436 2118 Hoc
1450 2058 1512 2128 est,

389 2139 530 2206 rationes
544 2159 652 2206 rerum
667 2143 838 2208 moralium
850 2150 884 2211 et
895 2145 1145 2226 intelligibilium
1160 2143 1320 2208 ruentibus
1334 2140 1514 2224 inscripsit,

391 2233 424 2294 et
441 2228 548 2293 lamen
561 2231 664 2296 vultus
677 2233 726 2296 sai
738 2249 801 2315 quo
813 2233 1072 2316 intelligerentur
1080 2229 1405 2315 superaddidit.·lllae
1416 2230 1518 2312 igitur

391 2317 532 2382 rationes
547 2320 595 2384 vel
612 2321 775 2400 notiones,
789 2340 885 2404 armna
901 2321 935 2386 in
951 2325 1019 2389 lleo
1034 2321 1321 2403 animumne,
1335 2317 1517 2383 innomine

392 2408 1076 2489 veropartieipotioelleassoluseritveritus
1085 2408 1282 2483 indeficiens,
1291 2406 1518 2474 centauria-

390 2496 522 2576 anem:
536 2495 569 2560 in
587 2497 724 2562 bumana
740 2497 845 2564 autern
870 2505 994 2575 natura,
1011 2498 1219 2582 participatio
1232 2514 1299 2562 acu
1316 2501 1453 2562 naturae
1467 2495 1518 2558 in·

390 2587 528 2658 creatae,
545 2588 599 2650 sed
615 2587 776 2653 increatae
789 2589 932 2655 iustitiae
947 2592 980 2654 et
995 2587 1164 2672 serimus(
1184 2583 1207 2669 ).

478 2670 570 2739 lllll.
583 2676 645 2743 Sed
656 2677 815 2758 promodo
827 2694 844 2741 e
855 2677 981 2742 tantilla
993 2682 1150 2750 craebra,
1167 2673 1311 2739 rationes
1322 2689 1405 2757 quae
1418 2672 1455 2736 in
1467 2688 1520 2736 ae·

388 2766 480 2827 ternu
496 2769 604 2830 mente
625 2765 844 2840 eontinentur,
861 2764 1050 2847 participari
1057 2761 1207 2849 queunt?
1228 2761 1439 2844 Respondeo,
1456 2761 1519 2826 boe

412 3003 415 3010 .
466 2945 507 3021 tal
523 2945 654 3018 ingenitis
668 2944 821 3003 notionibus
832 2944 945 3016 opponit
954 2945 991 3001 lla
1004 2941 1120 3000 Bonam:
1140 2949 1153 2994 'a
1166 2939 1306 3011 Quomodo
1315 2939 1489 2998 delerentur
1499 2941 1521 2998 si

317 3023 319 3028 '
390 3021 551 3093 ingenitae?
569 3021 708 3092 Quomodo
721 3019 756 3078 ud
772 3019 981 3096 polylbeismurn
1001 3016 1248 3090 deliberaturum
1268 3015 1384 3074 inditum
1399 3017 1523 3076 reterre

390 3099 528 3156 notionem
542 3098 652 3155 unitatis
665 3095 727 3154 bel?
742 3118 754 3147 a
772 3099 821 3170 (le
841 3094 961 3153 istctton
973 3096 1104 3168 primia,
1119 3093 1192 3149 liisc.
1207 3089 1332 3162 pretim.)

465 3173 624 3246 Respondet
636 3171 674 3230 lle
687 3169 807 3245 liniare,
817 3113 1009 3242 distinguendo
1024 3171 1174 3248 nemnem
1186 3165 1219 3222 ab
1231 3165 1292 3222 eius
1303 3171 1523 3241 rocconem,

391 3249 595 3322 affirmatione
607 3256 636 3307 et
648 3247 863 3323 applicatione.
880 3246 931 3302 llla
945 3258 1054 3314 semper
1074 3249 1150 3300 recta
1165 3243 1190 3298 iu
1203 3255 1234 3296 se
1248 3247 1332 3314 atque
1346 3242 1522 3300 indelebilis:

391 3325 461 3379 istae
474 3325 606 3395 ancipites
621 3323 767 3396 aliquando
783 3330 812 3379 et
825 3320 968 3377 erroribus
987 3317 1137 3374 subiectae.
1153 3316 1197 3372 Sic
1210 3321 1288 3372 certa
1301 3322 1347 3372 est
1363 3319 1444 3374 notio
1460 3319 1521 3391 liei,

392 3411 506 3455 erronea
517 3413 582 3454 vcro
590 3399 649 3454 eius
658 3396 804 3467 applicatio
815 3395 850 3450 ad
860 3400 1014 3450 creaturas.
1027 3393 1084 3448 llec
1092 3393 1201 3447 miram.
1210 3390 1324 3446 Librum
1335 3399 1416 3448 recte
1428 3395 1526 3466 scrip·

391 3479 461 3543 turn,
477 3473 608 3544 numquid
622 3483 732 3540 semper
744 3476 774 3525 et
786 3483 882 3526 omues
894 3475 970 3525 recte
983 3463 1122 3537 legimus?
1135 3468 1263 3522 Attamen
1277 3465 1357 3522 illurn
1372 3481 1447 3537 prae
1463 3485 1526 3526 mu-

295 3593 297 3596 .
390 3545 469 3601 uibus
479 3555 507 3604 ot
521 3557 583 3603 ante
593 3545 687 3602 oeulos
697 3541 841 3599 babemus.
851 3541 986 3613 Numquid
1000 3539 1191 3608 arithmeticae
1203 3541 1326 3596 rationes
1337 3541 1392 3600 rite
1404 3557 1528 3615 semper

390 3629 591 3692 conputamus,
607 3620 718 3688 inimus,
727 3617 894 3689 colligimus,
906 3611 1101 3675 subducimus?
1108 3617 1244 3672 Numeros
1253 3619 1351 3678 tamen
1366 3618 1463 3688 probe
1475 3634 1528 3677 uo·

391 3696 489 3752 vimus.
506 3697 582 3754 Vide:
596 3695 671 3752 Scir.
686 3691 723 3749 de
735 3708 760 3749 s.
776 3691 916 3756 Pc'tersb„
931 3697 953 3748 t.
971 3693 993 3762 l,
1009 3704 1038 3761 p.
1059 3687 1123 3744 ili.
1207 3701 1210 3710 ’

464 3771 533 3828 ilnie
547 3771 696 3827 sententiae
709 3767 801 3825 lavere
815 3767 889 3825 visus
902 3774 945 3823 est
958 3769 999 3823 vir
1011 3763 1139 3835 egregias
1149 3765 1186 3820 lla
1196 3761 1312 3836 Bouald‚
1329 3764 1444 3822 firmius
1455 3783 1527 3842 uero

388 3842 513 3903 adhaesit
527 3845 687 3904 immodicus
708 3849 860 3916 comperet
874 3842 974 3899 nimius
988 3838 1162 3910 hemorrois,
1183 3852 1289 3894 necuou
1304 3840 1352 3910 qui
1368 3841 1460 3915 vulgo
1475 3859 1529 3915 ap·

388 3920 528 3990 pelluntur
540 3916 814 3993 meditabundus,
827 3924 858 3976 ut
871 3917 967 3975 rationi
981 3913 1166 3972 necessariam
1179 3910 1364 3998 ostenderent
1377 3920 1529 3975 extrinse-

388 4009 450 4052 cum
464 3999 511 4056 liei
524 3997 647 4056 docentis
659 3996 864 4056 auctoritatam.
879 3993 933 4049 llos
947 3998 976 4049 at
989 3989 1159 4071 primaevam
1173 3987 1286 4072 humaui
1299 3992 1420 4060 generis
1442 3993 1529 4050 insti·

388 4073 524 4130 tutionem
537 4073 665 4132 diuinitas
684 4070 815 4129 traditam
828 4077 967 4136 tenemus,
981 4071 1010 4122 at
1023 4063 1170 4145 intrinseca
1189 4065 1303 4145 rutroars
1318 4065 1381 4122 iura
1395 4064 1529 4126 vindicu-

389 4160 460 4204 mus.
476 4151 556 4221 Nam,
570 4149 659 4208 nisiin
670 4150 776 4214 ratione
785 4142 948 4204 naturaliter
962 4141 1080 4222 laterent
1092 4147 1197 4190 semina
1209 4141 1373 4222 vernetum,
1384 4157 1464 4214 quae
1476 4160 1529 4201 ex·

388 4225 468 4279 terna
482 4224 650 4284 institutione
659 4223 810 4282 evolvenda
820 4228 896 4290 suut,
905 4216 951 4273 illa
961 4214 1158 4292 institutrouuon
1169 4207 1327 4294 passibilior
1337 4224 1421 4272 esset
1431 4219 1460 4274 in
1473 4219 1528 4276 bo·

388 4296 462 4354 miae
474 4314 555 4372 qaam
569 4301 596 4358 iu
609 4301 709 4359 brutis:
725 4298 870 4372 siquidem,
883 4307 934 4350 1100
945 4291 1041 4360 posset
1053 4289 1153 4367 “imi
1167 4298 1270 4352 P⁰¹⁰¹P¹
1280 4285 1317 4340 ab
1327 4287 1458 4366 1101111111,
1472 4310 1528 4351 11111

387 4375 419 4426 ut
431 4387 496 4432 suaa
510 4381 626 4435 naturae
638 4381 824 4436 consentanea
838 4365 952 4438 intelligi
962 4370 991 4419 et
1002 4355 1159 4441 approbata
1172 4358 1233 4442 lpse
1244 4360 1374 4446 ustulata
1386 4371 1528 4442 mysteria

385 4459 456 4518 quau
469 4452 581 4510 ratbnis
599 4453 685 4514 aciem
699 4450 850 4520 excedunt,
865 4458 917 4502 nou
930 4440 1025 4496 essent
1037 4428 1187 4515 cted¹b¹¹¹⁸2
1202 4445 1254 4488 11111
1267 4438 1372 4496 rationi
1387 4445 1527 4503 naturale

384 4529 458 4582 esset
471 4525 523 4586 boc
536 4529 707 4606 principium:
723 4529 778 4586 Deo
793 4516 914 4596 loquenti
929 4513 996 4572 tides
1010 4503 1162 4566 adhibenda
1175 4510 1227 4560 est.
