3224 5282
425 312 488 378 150
867 327 961 382 uasa
976 327 1013 380 ll:

470 474 532 542 Sed
544 475 622 544 baec
634 475 775 543 innuisse
786 476 1023 560 sufficiatque
1035 473 1266 558 nobisgradum
1277 473 1497 542 adEoclesiam

382 565 557 647 aperirent.
607 610 610 616 ·

472 654 531 719 lv.
549 654 599 720 Ad
615 654 746 721 tertium
762 673 858 737 usque
872 655 1045 730 saeculum,
1057 670 1155 735 quum
1172 653 1256 734 leges
1271 669 1426 720 romanae
1437 655 1500 720 illi-

383 741 456 807 citis
468 743 609 825 collegiis
620 743 1013 820 accenserentEcclesiam,
1023 742 1105 807 nihil
1117 743 1217 825 ipsam
1229 741 1434 808 incommuni
1444 745 1501 809 ha-

384 831 456 896 bere
472 832 684 911 patiebantur.
702 833 801 898 Recte
823 831 952 914 quidem
967 851 1007 898 ex
1021 832 1075 896 illa
1091 836 1330 913 persecutorum
1345 832 1501 916 iurispru-

382 920 503 984 dentis.
521 920 738 986 Nihilominus
753 920 831 986 satis
845 920 983 986 naturali
998 920 1068 984 iure
1082 919 1214 993 suiiultl,
1228 937 1292 983 non
1308 921 1501 990 destiterunt

382 1008 555 1075 Christiani
571 1026 589 1072 a
604 1009 808 1075 conventibus
822 1013 855 1074 et
870 1026 889 1072 a
904 1009 1044 1091 pecuniis
1056 1008 1088 1073 iu
1100 1024 1269 1074 commune
1284 1009 1498 1076 conferendis:

382 1099 459 1180 quin
476 1098 542 1161 imo
557 1103 590 1162 et
605 1097 783 1162 immobilia
798 1097 984 1181 possedisse,
998 1100 1110 1162 contra
1124 1097 1249 1178 iniquas
1263 1099 1347 1180 leges
1362 1101 1498 1181 quadam

382 1187 541 1268 aequitate
558 1186 698 1262 inducta,
716 1185 836 1270 liquido
858 1190 994 1252 constat.
1012 1187 1095 1253 Nam
1110 1186 1146 1249 in
1159 1185 1236 1250 Vita
1252 1187 1427 1252 Alexandri
1442 1188 1501 1255 Se-

384 1275 450 1339 ueri
467 1279 575 1339 narrat
590 1275 832 1356 Lampridium«
846 1274 952 1354 Quum
961 1272 1136 1340 Christiani
1148 1276 1315 1355 quemdam
1327 1275 1433 1341 locum
1444 1280 1501 1361 qui

383 1363 526 1445 publicus
536 1363 644 1429 lueret
658 1368 873 1446 occrrpassent,
890 1368 1001 1428 contra
1015 1362 1176 1445 popinarii
1191 1363 1335 1429 dicerent
1350 1364 1413 1429 sibi
1424 1383 1501 1432 eum

384 1452 503 1528 deberi,
522 1453 696 1536 rescripsitz
718 1453 831 1518 melius
847 1470 914 1528 esse
928 1452 1220 1533 quomodocumque
1235 1451 1301 1516 illic
1318 1453 1401 1517 Deus
1416 1456 1503 1520 cola-

165 1545 188 1618 i)
203 1546 341 1620 lamprid.
356 1588 363 1619 ,
384 1546 448 1619 tur,
467 1559 562 1624 quam
577 1541 903 1624 popinariis·dedatur
920 1541 962 1623 1).
982 1565 1000 1604 u
1016 1541 1098 1606 ltem
1113 1541 1278 1607 Eusebius:
1291 1561 1308 1601 a
1326 1539 1407 1607 Cum
1418 1544 1503 1609 Pau·

144 1638 172 1677 ¹¹·
188 1623 236 1678 ⁴9·
383 1631 430 1695 lus
441 1631 798 1700 Samosateuusedomo
809 1629 969 1696 Ecclesiae
981 1630 1157 1696 mullatenus
1167 1629 1317 1695 excedere
1328 1630 1433 1706 vellet,
1451 1632 1504 1698 in-

384 1721 567 1804 terpellatus
582 1719 969 1808 imperatorhurelianus,
978 1719 1153 1792 rectissime
1164 1718 1223 1783 hoc
1238 1719 1403 1800 negotium
1415 1721 1503 1786 diiu-

383 1809 513 1884 dicarit,
531 1809 716 1874 iisdomum
732 1808 816 1875 tradi
832 1808 1042 1891 praecipiens,
1058 1808 1169 1890 quibus
1183 1807 1288 1873 ltaliei
1306 1805 1503 1876 christianae

158 1913 366 1985 transemi-
383 1898 549 1980 religionis
563 1899 733 1964 antistites
749 1900 782 1962 et
797 1898 958 1961 Romanus
973 1896 1139 1979 episcopus
1153 1897 1327 1962 scriberent
1341 1895 1385 1980 2).
1405 1922 1425 1961 s

139 1994 178 2044 st.
188 1989 279 2055 nect..
291 1990 363 2064 vill,
472 1987 515 2052 V.
534 1985 595 2052 Sed
606 2005 663 2070 per
671 1984 913 2053 Constantinum
925 1985 1124 2051 ctLicinium
1139 1985 1242 2051 edicta
1253 1984 1422 2051 christiani
1433 1989 1503 2052 cul-

140 2067 186 2120 30·
383 2078 434 2140 lus
450 2074 607 2150 libertate,
621 2093 660 2139 eo
673 2075 743 2156 ipso
755 2073 1023 2140 transferebantur
1033 2073 1067 2139 in
1079 2073 1253 2140 Ecclesmm
1264 2073 1334 2138 iura
1349 2077 1505 2158 collegio-

120 2162 124 2170 '
382 2182 452 2228 rum
466 2170 500 2228 et
517 2163 718 2237 societatum,
736 2162 847 2247 quibus
864 2182 881 2222 «
897 2163 1063 2245 proprium
1078 2166 1172 2238 esset,
1190 2163 1231 2227 ad
1244 2163 1424 2246 exemplum
1439 2167 1504 2230 rei·

155 2260 182 2324 sl
192 2261 224 2315 L.
238 2260 261 2329 l,
270 2259 298 2332 ll,
313 2257 358 2316 lib.
385 2253 540 2334 publicae,
558 2252 674 2317 habere
684 2269 740 2316 'res
754 2267 949 2326 communes,
967 2269 1072 2316 arcam
1087 2268 1287 2316 communem
1300 2247 1343 2334 3).
1356 2276 1374 2314 »
1386 2255 1505 2321 ablata

138 2334 188 2407 ΙΙΙ,
203 2341 225 2392 t.
240 2338 269 2393 ⁴·
383 2339 1199 2424 quoqueutrestituerentur,iusseruntimperatores,
1209 2340 1502 2408 annastatim312:

386 2450 403 2490 «
421 2435 526 2512 Atque
542 2430 601 2495 boc
616 2431 746 2511 insuper
760 2430 794 2494 in
807 2446 941 2510 persam
952 2427 1205 2495 Christianomnr
1219 2428 1425 2495 statuendum
1437 2449 1505 2495 esse

383 2521 574 2595 censuimus,
591 2520 673 2604 quod
686 2519 713 2583 si
726 2521 832 2584 cedem
846 2518 926 2595 loce,
938 2517 980 2582 nd
990 2536 1070 2599 quur
1081 2525 1176 2582 noha
1186 2519 1353 2583 moverim
1367 2537 1501 2584 cousue-

385 2617 539 2683 verant„
556 2653 584 2674 ..
603 2607 703 2689 priori
719 2612 862 2690 tempore
876 2606 974 2690 aliqui
991 2607 1039 2672 rel
1055 2622 1073 2672 a
1088 2606 1164 2671 fisco
1179 2609 1300 2679 nostro,
1318 2606 1366 2671 uel
1382 2607 1424 2670 ab
1440 2609 1503 2676 alio

384 2715 580 2780 quocumque
595 2697 746 2762 videntur
760 2714 828 2760 esse
842 2694 986 2771 mercati,
1005 2696 1115 2761 cadem
1129 2694 1319 2761 Christianis
1330 2696 1399 2760 sine
1406 2715 1503 2777 pacat·

385 2786 453 2863 oia,
469 2791 501 2850 et
517 2789 585 2851 siue
596 2786 666 2849 ullu
678 2786 772 2865 pretii
780 2786 939 2866 peritiore,
950 2786 1124 2867 postposita
1135 2785 1225 2849 omni
1237 2783 1445 2850 frustratione
1455 2791 1504 2852 at-

383 2892 445 2957 quc
460 2875 678 2957 ambiguitate,
692 2871 1038 2951 restituantur...Quae
1053 2873 1161 2938 omnia
1171 2874 1297 2953 corpori
1307 2872 1505 2940 Christiane-

381 2979 469 3039 rum,
488 2965 633 3044 protinus
649 2980 685 3026 ac
696 2962 766 3026 sine
781 2979 882 3037 mora,
895 2961 978 3028 tradi
994 2963 1168 3043 oportebit.
1183 2963 1226 3028 Et
1237 2961 1389 3045 quoniam
1403 2963 1504 3028 iidem

383 3049 559 3116 Christiani
570 3063 642 3116 'neo
656 3069 693 3115 ee
709 3058 832 3115 tontum
846 3051 916 3114 loeo
930 3051 972 3114 nd
987 3068 1067 3131 quoe
1080 3052 1500 3132 recommemorent,

384 3141 437 3204 sed
452 3141 546 3216 etiam
556 3141 623 3206 alio
633 3140 774 3205 habuisse
785 3147 970 3217 noscuntur,
981 3154 1028 3204 nn
1039 3155 1089 3206 rus
1105 3156 1257 3205 mannans
1269 3157 1395 3216 nonuu,
1407 3159 1504 3206 rnnsr

385 3246 624 3306 nccnnsrhnuu,
649 3247 715 3294 ooo
728 3229 890 3293 hominum
904 3226 1102 3310 siccatorum
1119 3228 1325 3308 perrtremta,·
1341 3245 1379 3292 ea
1393 3230 1504 3294 omnia

285 3371 292 3384 .
385 3317 453 3396 lege
470 3337 550 3400 quae
565 3317 708 3400 superisa
723 3317 1030 3400 comprehendimus,
1049 3317 1130 3380 citra
1145 3317 1242 3381 ullam
1257 3316 1501 3398 ambiguitatem

385 3405 435 3468 uel
450 3407 713 3481 controversiam,
730 3406 853 3471 hisdem
868 3403 1068 3480 Christianis,
1086 3403 1169 3470 idest
1183 3406 1310 3485 corpori
1325 3413 1353 3468 et
1367 3423 1504 3471 cohoer-

386 3494 490 3557 ticulis
505 3513 616 3560 eorum
632 3495 721 3559 reddi
740 3495 874 3571 iubebis,
891 3494 1070 3575 supradicta
1085 3493 1206 3558 scilicet
1221 3494 1347 3559 ratione
1361 3501 1499 3569 servata,

385 3587 421 3646 ut
436 3582 461 3645 ii
477 3584 531 3666 qui
543 3585 654 3648 eadem
669 3585 737 3648 sinc
749 3582 867 3665 pretio,
881 3585 963 3648 sicut
977 3582 1115 3647 diximus
1126 3582 1335 3655 restituerint,
1344 3581 1505 3648 indemni-

159 3673 185 3743 lt
207 3673 286 3742 apud
309 3674 366 3730 Eu·
386 3674 486 3734 tatem
502 3673 541 3736 de
557 3678 664 3737 nostra
679 3673 898 3737 benevolentia
910 3676 1036 3754 sperent
1046 3669 1092 3753 d).
1109 3693 1127 3732 n
1140 3672 1213 3735 Alia
1224 3670 1337 3735 deinde
1348 3671 1505 3738 constitu-

141 3749 213 3818 seb„
223 3752 367 3836 HtshEc-
386 3757 488 3822 tione:
508 3782 525 3820 «
543 3762 601 3826 Est
616 3761 669 3826 hic
685 3779 753 3825 mos
768 3761 924 3826 bonitatis
939 3766 1077 3837 nostrae,
1096 3763 1132 3824 ut
1147 3777 1184 3824 ea
1200 3776 1279 3842 qnae
1294 3759 1333 3824 ad
1349 3776 1503 3828 huruuua

142 3823 193 3899 ct,
205 3825 240 3897 x,
258 3828 285 3895 ⁵³
302 3831 366 3881 '¹⁸¹¹'
386 3863 435 3912 rus
451 3849 624 3928 pertinent,
644 3869 707 3915 non
723 3851 816 3922 modo
834 3851 919 3915 nulla
935 3847 1259 3932 inquietudineallici,
1273 3849 1439 3912 sedetiam
1454 3867 1503 3913 re-

141 3915 186 4031 ffi'
196 3903 320 4032 Lim·
332 3898 368 3956 '¹⁰
386 3935 476 3999 stitui
494 3938 638 4014 velimus,
658 3939 797 4004 anuline
811 3939 985 4004 carissime.
996 3985 1004 4002 .
1017 3983 1024 3998 .
1036 3938 1121 4018 Ergo
1137 3955 1267 4018 operam
1282 3936 1371 4000 dabis
1386 3941 1422 4002 ut
1437 3938 1502 4001 siue

139 3992 210 4106 qg‘ffr
223 3990 279 4050 epe
280 3991 366 4042 ''⁸⁰⁶''
385 4025 478 4096 horti,
495 4026 562 4090 sive
576 4029 677 4106 aedes,
692 4046 747 4092 seu
762 4030 975 4108 quodcumque
986 4027 1075 4090 eliud
1090 4026 1129 4088 ad
1145 4028 1193 4089 ius
1206 4023 1386 4089 earumdem
1402 4026 1504 4090 ccele-

160 4126 186 4196 5)
207 4124 287 4196 hpud
309 4124 365 4181 Eu·
386 4112 503 4176 siarum
520 4115 722 4196 pertinuerit,
737 4121 850 4181 cuncta
866 4117 931 4181 illis
946 4114 1128 4199 quantocius
1142 4114 1348 4178 restituantur
1358 4111 1400 4194 bl.
1415 4114 1504 4179 »De-

140 4200 212 4275 seb,
224 4200 280 4258 loc.
293 4203 345 4258 ch.
387 4219 473 4265 mum
479 4201 704 4269 Constantinus
716 4205 799 4268 solus
812 4205 950 4286 imperio
962 4204 1095 4286 potitus,
1109 4206 1142 4267 et
1154 4203 1223 4283 ipse
1234 4201 1404 4282 epistolam
1415 4203 1502 4282 dedit

386 4308 481 4374 quarn
496 4291 580 4356 idem
596 4292 696 4358 reiert
712 4294 877 4358 Eusebius:
896 4314 913 4352 ι(
931 4292 1048 4358 Omnia
1063 4309 1139 4372 ergo
1152 4305 1232 4372 quae
1244 4291 1283 4354 ad
1296 4291 1444 4356 eeclesias
1455 4309 1504 4356 re-

385 4385 435 4445 ete
450 4380 517 4445 risa
533 4379 653 4445 luerint
667 4382 837 4464 pertinere,
855 4382 921 4447 sive
931 4383 1042 4445 demus
1056 4398 1093 4444 ac
1104 4380 1259 4459 possessio
1271 4379 1327 4454 sit,
1341 4379 1406 4445 sive
1419 4383 1501 4463 apri,

160 4507 284 4580 alhurab
313 4513 365 4567 Vi„
385 4470 450 4534 sive
464 4468 558 4543 horti,
577 4487 862 4553 seuaquaceumque
876 4471 950 4543 alia,
978 4469 1065 4533 rullo
1083 4469 1153 4533 iure
1172 4470 1256 4550 quod
1271 4470 1313 4532 ud
1326 4469 1505 4533 dominium

139 4589 173 4638 ,a
200 4550 363 4653 Constant,
381 4559 516 4639 pertinet
531 4558 709 4632 imminute,
719 4559 765 4623 sic
776 4558 1022 4624 salvisomnibus
1035 4562 1129 4640 atque
1140 4556 1274 4638 integris
1287 4557 1502 4632 manentibus,

141 4659 176 4728 ll,
196 4661 241 4715 st.
384 4646 510 4712 restitui
526 4646 668 4712 iubemus
684 4645 726 4730 6).
748 4671 764 4709 »
