3238 5282
426 276 493 341 222
868 293 1014 343 nsnnnu.

377 441 530 522 positum,
547 439 595 506 uel
611 439 753 522 lucilius,
767 440 816 507 uel
826 440 1079 523 promptiones!
1090 441 1266 506 animosius
1281 441 1505 524 mquendum

383 529 526 595 stimulos
540 528 638 595 addit.
758 561 767 576 ,

450 617 528 686 XX.
537 617 588 683 Ad
597 618 734 702 primam
749 617 890 685 retertur
900 618 1066 695 mandans,
1078 617 1313 701 siveimplicite
1321 619 1391 687 siue
1401 619 1506 704 expli·

383 707 448 774 cite
463 707 613 772 damnum
628 706 744 773 inierri
760 707 902 784 iusserit,
919 708 976 790 qui
985 712 1100 791 utpote
1113 707 1339 790 principaliter
1352 727 1502 785 movens,

384 795 605 880 principaliter
619 800 748 863 tenetur
764 797 804 862 de
817 797 943 862 damnis
953 813 1034 882 quae
1044 799 1113 881 ipse
1123 797 1335 878 mandaverit,
1353 799 1505 882 reiquae

383 885 458 950 inde
471 888 616 951 secutura
628 885 806 968 praevideri
816 887 981 970 potuerint
992 903 1029 952 ac
1043 885 1224 953 debuerint.
1236 887 1318 952 llum
1332 887 1434 953 index
1447 888 1504 970 qui

384 974 527 1058 iniquam
541 974 733 1041 sententiam
743 975 925 1058 protulerit,
938 980 975 1041 ut
986 976 1106 1042 Pilatus
1117 976 1152 1040 in
1163 981 1268 1042 morte
1277 975 1414 1055 Christi,
1428 994 1507 1058 pro-

383 1069 456 1149 pter
469 1063 601 1129 abusum
615 1063 693 1129 iuris
704 1067 738 1129 et
752 1064 965 1140 auctoritatis,
982 1065 1059 1131 licet
1074 1065 1184 1130 auimo
1198 1067 1369 1148 nequiores
1381 1065 1508 1132 scribac

384 1158 418 1219 et
429 1152 599 1236 pharisoei.
616 1154 697 1218 Tum
712 1153 762 1218 illi
775 1171 941 1226 causarum
952 1158 1091 1230 actores,
1107 1153 1163 1237 qui
1178 1153 1297 1218 iudices
1307 1154 1438 1233 lallunt,
1455 1173 1507 1221 va-

385 1242 715 1326 ritatemoppuqnant,
728 1241 883 1310 iustitiam
892 1243 1122 1320 intercludunt,
1133 1242 1353 1308 innocentiam
1364 1243 1509 1326 fatigant

385 1336 420 1397 et
430 1332 627 1415 opprimunt:
640 1331 851 1398 rabuloeideo
863 1333 943 1398 dicti
956 1331 1116 1410 asenam,
1129 1333 1213 1415 quod
1224 1332 1354 1397 rabioso
1365 1332 1510 1399 rendunt

385 1420 501 1503 iurgia,
519 1426 553 1486 et
568 1421 632 1485 iras
646 1425 680 1487 et
694 1422 920 1487 verba-locant.
933 1419 1108 1489 Consulens
1118 1438 1255 1504 quoque,
1268 1425 1302 1486 et
1313 1421 1450 1486 laudans
1461 1424 1509 1488 rel

385 1510 579 1593 vituperans,
591 1527 685 1575 eausa
697 1509 805 1574 damni
816 1510 1083 1594 principalissima
1095 1512 1185 1585 dent,
1199 1510 1227 1575 si
1243 1527 1307 1574 nun
1319 1515 1455 1592 paratos
1470 1511 1508 1576 ad

385 1599 464 1664 illud
479 1599 604 1665 animos
620 1599 820 1680 impulerint:
837 1600 971 1666 exitiale
977 1618 1014 1666 ac
1026 1599 1197 1666 neiandum
1208 1597 1379 1663 hominum
1391 1616 1506 1681 genus,

385 1688 440 1773 qui
456 1687 607 1754 virtutem
621 1688 764 1754 efficiunt
777 1689 1058 1766 contemnendam,
1080 1689 1159 1754 vitia
1169 1692 1327 1754 exornant
1343 1693 1443 1770 utque
1459 1689 1509 1754 in·

385 1781 514 1859 gerunt,
528 1777 724 1861 passionibus
738 1777 884 1844 stimulos
900 1783 933 1843 et
948 1779 1108 1844 llummam
1120 1779 1319 1842 submovent.
1333 1777 1508 1860 Magistra-

386 1871 437 1932 tus
447 1866 625 1949 quiprobos
636 1867 744 1932 vexari
755 1868 850 1944 ciues,
865 1868 913 1933 rel
923 1867 1157 1960 rempublicam
1165 1865 1264 1931 dilabi
1273 1866 1398 1942 sinunt,
1408 1885 1507 1948 quum

385 1954 577 2022 auctoritate
590 1956 775 2034 abutuntur,
786 1957 837 2022 rel
848 1956 940 2021 irena
954 1961 1050 2039 atque
1069 1954 1216 2042 ordinem
1231 1953 1362 2020 dissolri
1377 1955 1508 2038 patian-

386 2048 452 2119 tur,
466 2045 538 2126 quis
553 2043 613 2110 hoc
625 2044 696 2109 loco
708 2045 881 2111 censendos
893 2064 958 2111 nun
970 2044 1150 2112 existimet?
1160 2043 1342 2126 Rapasandi
1351 2047 1462 2108 tamen
1473 2064 1508 2109 o-
1601 2091 1602 2102 ,

385 2130 521 2213 bligatio
536 2132 676 2215 primum
688 2151 744 2199 eos
759 2139 848 2201 tenet
859 2134 915 2219 qui
927 2134 1079 2200 damnum
1093 2132 1285 2208 intulerunt,
1304 2131 1423 2198 deinde
1434 2133 1508 2199 illos

386 2220 443 2306 qui
457 2225 570 2286 contra
584 2221 723 2289 officium
739 2222 890 2289 damnum
906 2223 1024 2288 inierri
1038 2221 1122 2306 passi
1138 2227 1225 2287 sunt.

475 2309 569 2378 xxi.
586 2310 706 2379 Causae
722 2311 915 2396 principales
928 2315 1006 2378 sunt
1015 2311 1073 2397 qui
1088 2310 1218 2394 iniquae
1232 2309 1296 2392 legi
1312 2309 1363 2374 rel
1376 2315 1507 2376 senten

386 2397 855 2484 tiaesuissuliraqiisaccedunt‚
870 2397 1506 2482 relanixenonobsistuntzsimileaquan-

386 2487 489 2573 doque
501 2490 601 2556 Burro
615 2491 664 2556 illi
679 2491 734 2575 qui
745 2490 954 2558 atrocissimis
964 2489 1253 2558 adstabatNeronis
1263 2487 1407 2553 consiliis
1418 2506 1508 2554 moe-

387 2594 460 2644 rens
474 2596 511 2644 uc
522 2579 659 2645 loudoru
676 2580 719 2665 1).
733 2579 854 2660 Quodsi
868 2579 902 2643 in
915 2578 1061 2644 omnibus
1070 2595 1128 2662 par
1138 2578 1183 2643 sit
1194 2577 1384 2653 auctoritas,
1395 2595 1507 2660 parem
1600 2639 1602 2648 Α

387 2665 440 2731 illa
455 2668 551 2733 efficit
567 2668 730 2747 iniuriam,
749 2669 826 2734 licet
841 2669 966 2733 animus
976 2667 1152 2733 dissimilis:
1165 2666 1255 2749 atqui
1267 2683 1326 2730 nos
1336 2664 1505 2743 iniuriam,

385 2773 451 2819 non
466 2755 609 2820 animum
624 2759 817 2840 quaerimus.
828 2757 899 2823 lmo
912 2775 970 2822 nec
981 2756 1037 2822 ille
1047 2755 1204 2822 sarciendi
1215 2769 1313 2819 onere
1326 2755 1450 2821 solutus
1461 2757 1508 2822 ri-

382 2843 488 2919 detur,
507 2847 563 2940 qui
579 2845 690 2930 iniquo
705 2844 857 2929 sutfragia
875 2846 915 2911 ad
930 2845 1124 2912 iniustitiam
1142 2843 1283 2919 accedat,
1303 2861 1401 2927 quam
1420 2845 1508 2910 sulli-

382 2932 536 2998 oientiam
551 2934 734 3017 iniquorum
750 2953 900 3012 numerus
911 2934 1109 3000 decerneret:
1127 2949 1201 2998 nam
1216 2936 1250 2997 et
1263 2930 1317 2996 hic
1332 2934 1509 3000 auctorita-

383 3022 644 3089 rescripturum
655 3023 824 3090 efficaciter
836 3023 960 3098 intulit,
973 3040 993 3088 a
1008 3040 1070 3107 qua
1083 3021 1304 3088 abstinendum
1314 3026 1397 3087 erat.
1406 3021 1507 3103 -Quod

384 3111 424 3175 de
435 3113 637 3190 auctoritate,
651 3112 736 3178 idem
751 3112 919 3178 dicendum
935 3112 975 3178 de
986 3111 1085 3188 iacto,
1099 3110 1244 3196 siplures
1254 3127 1295 3175 ex
1305 3110 1459 3176 condicto
1470 3131 1507 3178 n·

385 3217 460 3264 nam
476 3202 631 3267 moralem
646 3203 808 3268 actionem
825 3202 1035 3267 constituunt.
1055 3201 1100 3267 lli
1114 3201 1155 3265 de
1172 3199 1298 3265 damnis
1312 3199 1348 3264 in
1363 3199 1504 3265 solidum

383 3288 589 3366 tenebuntur,
603 3295 637 3357 at
647 3291 766 3374 singuli
776 3309 835 3373 pro
846 3290 1007 3356 omuibus:
1017 3289 1176 3373 quommo
1188 3287 1275 3353 enim
1283 3289 1501 3354 unaomnium

384 3381 432 3441 est
448 3378 532 3444 actio
548 3381 691 3458 moralis,
709 3381 755 3446 ita
770 3396 833 3444 una
846 3384 994 3447 censetur
1004 3377 1198 3444 resarciendi
1213 3375 1380 3458 obligatio.
1394 3376 1503 3457 Quare

384 3466 425 3531 de
435 3465 475 3529 iis
487 3467 542 3550 qui
552 3465 648 3535 simul
660 3469 757 3535 iurati
769 3472 855 3544 sunt,
868 3473 955 3534 recte
969 3467 1083 3532 delinit
1089 3466 1253 3549 Ulpianus:
1265 3485 1283 3525 a
1293 3463 1415 3532 Omnes
1425 3465 1505 3532 turti

385 3554 420 3618 in
441 3555 578 3623 solidum
595 3558 744 3625 teneris..
759 3558 871 3642 Neque
885 3557 974 3622 enim
988 3556 1174 3640 potestatui
1188 3573 1249 3639 pro
1273 3558 1365 3636 purte
1379 3553 1504 3621 iurtram

158 3648 185 3718 tt
196 3651 226 3706 t..
237 3650 285 3722 ut,
300 3654 326 3714 u.
336 3651 364 3723 9,
385 3642 497 3710 iecisse
511 3646 665 3730 singulos,
682 3647 738 3713 sed
751 3646 848 3712 totius
864 3645 912 3711 rei
923 3645 1087 3713 universos
1099 3645 1143 3722 2).
1161 3665 1178 3708 u
1195 3642 1382 3712 Generatim
1393 3659 1506 3710 causae

140 3725 168 3797 ff,
182 3723 228 3781 lib·
242 3724 289 3800 ⁴7,
302 3731 323 3780 ¹·
335 3729 363 3782 ²·
385 3733 560 3814 aequaliter
576 3736 756 3811 innuentes,
773 3753 832 3818 pro
843 3733 1183 3818 aequeprincipalibus
1194 3732 1363 3798 habentur:
1379 3734 1503 3817 quaesi

384 3819 521 3910 seorsim
540 3830 650 3906 agunt,
668 3825 707 3890 de
721 3841 779 3890 suo
794 3837 936 3909 quaeque
958 3823 1043 3888 iacto
1058 3827 1221 3889 tenentur.
1247 3820 1329 3888 Sunt
1342 3825 1452 3887 mmen
1467 3822 1501 3885 in

384 3907 445 3973 hac
455 3909 553 3976 classe
567 3913 617 3976 sui
632 3913 759 3996 gradus,
776 3914 855 3978 adeo
871 3917 908 3978 ut
918 3911 975 3996 qui
989 3911 1151 3988 adurant,
1169 3910 1219 3977 vel
1230 3913 1394 3992 receptum
1406 3916 1441 3977 et
1451 3911 1504 3976 de·

385 3997 564 4064 tensionem
580 4005 757 4082 praestant,
770 4001 885 4086 velqui
900 3999 1052 4066 iniuriam
1068 3999 1218 4082 patienti,
1239 4017 1282 4064 ro
1295 3999 1395 4082 officio
1409 4004 1502 4084 utque

385 4086 508 4152 iustitio
527 4107 624 4172 opem
636 4089 720 4155 ferre
734 4089 869 4157 debeant
883 4093 917 4155 et
932 4107 998 4155 non
1014 4088 1132 4166 ierant,
1149 4089 1198 4154 vel
1213 4087 1367 4152 iniuriam
1380 4085 1501 4156 illatum

385 4175 591 4244 manifestare
617 4184 651 4246 et
669 4197 734 4245 nun
753 4179 972 4256 manifestent,
998 4177 1088 4245 tario
1108 4176 1296 4246 restituendi
1314 4194 1415 4248 onere
1433 4193 1503 4263 pro·

386 4268 527 4331 mantus.

473 4355 583 4423 xxti.
600 4351 742 4422 Tandem
756 4371 829 4423 ctam
844 4356 936 4424 nobls
949 4372 1043 4423 causa
1054 4355 1162 4422 miuus
1174 4352 1362 4436 panopolis
1376 4353 1433 4420 illa
1447 4352 1501 4426 sit.

384 4459 466 4526 quae
475 4444 581 4511 minus
595 4443 630 4510 in
645 4443 763 4512 iactum
778 4461 872 4528 quum
884 4445 918 4511 in
934 4445 1064 4515 modum
1077 4443 1253 4521 induruerit,
1270 4443 1363 4510 buius
1377 4447 1503 4509 tantum

384 4532 509 4600 ratione
530 4533 702 4604 tenebitur:
719 4536 747 4601 si
757 4553 870 4621 nempe
882 4535 993 4604 modus
1005 4536 1071 4621 ipse
1083 4531 1214 4602 maioris
1228 4533 1336 4600 damni
1347 4550 1503 4599 causacu-

385 4621 501 4688 titerit.
