3228 5280
580 324 788 373 rrrususuu.
1124 307 1186 376 321

12 533 13 540 ,
219 467 555 544 Ν.’(]ουοεεέἰοηυιὴ,
573 471 685 553 quibus
709 471 812 554 potius
835 474 1235 554 quam'concertationibns
1258 501 1263 512 ·

12 567 13 574 ’
120 559 293 625 Pontifices
304 557 521 635 laetabantur,
540 559 676 642 plurima
697 561 854 642 exempla.
867 561 1002 630 ‚Illarum
1019 563 1132 645 duplex
1146 563 1235 630 utili·

12 723 13 726 ,
119 656 179 714 tas:
201 649 232 713 1.
251 652 323 732 post
338 649 423 722 lites,
441 649 540 714 animi
557 650 824 714 conscientiarum
840 651 960 733 quiete,
975 651 1113 716 Ecclesia
1126 658 1157 718 et
1170 653 1235 720 lm-

12 805 13 824 *
121 739 246 821 perium
264 739 434 806 concordia
450 739 688 815 reficiebantum
710 740 743 803 2.
761 740 918 822 principes
934 740 972 806 ad
995 740 1186 823 diligendam
1202 749 1235 808 et

12 833 13 844 ¹
120 828 270 892 tuendam
280 827 459 892 Ecclesiam
471 827 702 892 alliciebantur.
715 828 810 896 Hisce
821 828 994 896 rationibus
1006 831 1157 911 permoti,
1172 831 1235 897 Eu·

12 983 13 996 ,
120 917 233 999 geniu's
245 916 291 982 IV
303 921 336 981 et
347 916 535 982 Benedictus
543 917 621 982 xlv
634 917 774 982 Venetae
786 918 978 998 reipublicae
990 919 1170 1002 episcopum
1182 920 1236 985 de·

120 1006 241 1088 ligendi
257 1023 293 1070 ac
308 1006 530 1087 praesentandi
542 1006 742 1089 privilegium
758 1012 989 1082 concesserant;
1008 1008 1153 1094 idemque
1164 1007 1237 1074 His-

12 1091 13 1116 ³
118 1095 285 1178 paniamm
301 1093 438 1175 regibus,
450 1095 594 1177 aliisque,
608 1095 696 1160 uario
709 1100 853 1176 tempore
862 1095 1043 1162 Pontifices.
1056 1097 1143 1178 Qua'e
1159 1099 1236 1163 dum

118 1183 256 1266 agebant
268 1183 314 1258 bi,
329 1187 365 1247 ut
375 1183 491 1247 summi
503 1183 697 1256 Sacerdotes,
706 1184 745 1248 de
757 1185 848 1248 rebus
859 1203 983 1267 quoque
995 1186 1234 1269 temporalibus,

12 1255 13 1296 ³
119 1278 155 1338 ut
170 1272 343 1355 principes,
358 1276 510 1337 tractatus
521 1273 658 1337 inibant:
673 1273 718 1336 sic
729 1273 916 1340 Benedictus
924 1273 1002 1339 xiv
1011 1275 1175 1341 Sardiniae
1188 1295 1237 1340 re·

12 1375 13 1380 ’
118 1379 190 1443 gem
207 1378 267 1442 pro
283 1360 384 1424 leudis
400 1362 552 1426 vicarium
568 1380 658 1427 sunm
670 1362 890 1437 constituerat,
910 1369 1065 1428 reservata
1083 1366 1235 1446 pensione

119 1451 169 1514 bis
181 1449 270 1513 mille
284 1453 457 1524 scutorum,
471 1468 566 1532 quam
581 1469 638 1515 rex
649 1451 717 1532 ipse
730 1450 899 1528 iuraverat,
915 1469 1056 1533 quaeque
1069 1470 1151 1518 anno
1165 1459 1236 1519 tan-

12 1615 13 1618 *
117 1545 187 1604 tum
206 1537 292 1603 1851
306 1537 367 1603 init
382 1539 548 1621 denegata.
566 1537 755 1605 Concordati
771 1555 844 1603 vero
857 1559 974 1604 nomen
991 1541 1031 1604 iis
1046 1543 1148 1607 solum
1161 1560 1236 1625 apo·

116 1627 241 1692 stolicis
256 1626 386 1692 indultis
403 1627 451 1692 vel
468 1628 641 1711 privilegiis
658 1627 861 1710 adscriptum,
877 1630 989 1711 quibus
1005 1629 1165 1695 Ecclesiae
1182 1649 1234 1696 ca-

12 1741 13 1798 j
115 1735 228 1791 nones,
247 1715 325 1805 legis
341 1717 383 1791 vi,
397 1735 455 1799 pro
468 1717 572 1800 aliqua
584 1722 678 1800 gente
690 1718 959 1799 temperabantur:
971 1719 1234 1800 quemadmodum

12 1827 13 1888 j
116 1807 204 1870 inter
219 1805 429 1870 Nicolaumll
445 1813 479 1872 et
493 1806 690 1871 Fridericum
704 1806 765 1880 111,
783 1806 868 1871 inter
884 1807 1025 1872 Leonem
1042 1809 1121 1882 liet
1137 1810 1237 1876 Fran·

12 1921 13 1980 }
115 1895 234 1958 ciscum
251 1895 278 1972 Ι,
297 1894 416 1958 iactum
428 1895 542 1959 iuerat.
554 1895 623 1974 Quo
636 1898 780 1976 tempore
793 1895 1055 1964 concordatorum
1066 1895 1170 1962 iorma
1183 1915 1236 1960 ve-

12 1985 14 2070 J
115 2001 152 2047 re
168 1984 230 2047 luit
246 1984 432 2048 constituta:
446 1983 586 2050 rationes
602 1990 634 2049 et
646 1985 915 2058 circumstantiae,
931 2003 995 2048 non
1010 1985 1159 2066 indignae
1170 1993 1235 2052 uta

12 2079 14 2106 ²
114 2071 209 2136 nobis
227 2071 419 2136 recolantur.

209 2160 250 2226 V.
264 2161 424 2242 Eugenius
436 2160 493 2236 lV,
502 2163 555 2243 qui
569 2161 668 2226 Felici
678 2115 885 2244 llantipapae
893 2166 1094 2240 successerat,
1106 2167 1142 2228 ut
1150 2180 1238 2227 com—

12 2239 14 2278 ᾖ
117 2254 222 2314 motas
239 2249 431 2316 Germaniae
446 2249 592 2315 ecclesias
608 2251 678 2332 paci
691 2251 884 2325 restitueret,
899 2251 1057 2334 principes
1069 2252 1172 2333 quoad
1184 2254 1237 2316 be-

119 2339 310 2402 neficiorum
327 2339 515 2403 collationes
535 2340 710 2420 privilegiis
734 2357 792 2422 pro
813 2345 955 2422 tempore
977 2346 1121 2406 auxerat.
1138 2341 1237 2407 Nouis

12 2419 14 2462 f
115 2428 232 2491 deinde
249 2427 512 2508 postulationibus
525 2428 735 2510 interpositis,
753 2428 902 2504 Nisolaus
914 2428 956 2503 V,
971 2427 1166 2496 Concordato
1180 2430 1236 2493 ha-

116 2517 185 2581 bito
202 2535 273 2580 cum
289 2517 451 2581 Friderico
461 2517 594 2598 aliisque
607 2517 814 2600 principibus,
827 2534 894 2581 rem
908 2517 1043 2581 firmiori
1056 2523 1088 2583 et
1100 2519 1236 2598 amplio-

116 2605 145 2668 ri
164 2610 290 2671 ratione
305 2605 493 2687 composuit:
512 2625 545 2670 se
556 2606 635 2671 velle
647 2605 780 2670 unitatis
795 2623 903 2670 amore
920 2605 1130 2688 principibus,
1148 2611 1184 2671 ut
1196 2608 1234 2670 fi-

12 2717 13 2728 *
117 2693 184 2769 liis,
203 2694 378 2774 indulgere,
392 2694 501 2758 sedulo
514 2695 780 2775 animadvertens.
795 2693 961 2770 Similiter,
973 2695 1124 2776 abrogata
1140 2712 1158 2758 a
1173 2695 1236 2759 Lu-

116 2783 228 2848 dovico
242 2784 290 2848 Xl
303 2783 501 2864 Pragmatica
513 2783 694 2861 sanctione,
708 2784 918 2848 renitentibus
935 2801 1007 2848 vero
1023 2783 1165 2867 pluribus
1177 2783 1236 2848 lai-

12 2863 13 2882 *
117 2872 1236 2955 cisatqueecclesiasticisordinibus‚totaqueGalliatempestatecom-

12 2989 13 2992 ¹
119 2966 205 3025 mota
217 2961 394 3026 Bononiam
407 2961 500 3044 petiit
513 2981 568 3026 rex
580 2961 969 3035 Franciscusl,maiomm
981 2960 1137 3043 exemplo,
1152 2961 1235 3026 Leo·

12 3063 13 3080 ³
117 3050 152 3113 ni
169 3050 200 3114 X
215 3053 290 3114 tunc
302 3050 335 3113 in
348 3049 536 3116 Pontificem
547 3051 648 3116 electo
660 3049 883 3132 gratulaturus.
899 3051 1037 3132 Roganti
1051 3050 1119 3132 regi
1130 3067 1236 3114 assen-

12 3141 13 3148 ’
117 3139 161 3202 sit
177 3137 255 3212 Leo,
273 3144 309 3204 nt
325 3140 541 3222 Pragmaticae
555 3137 717 3206 Sanctioni
733 3157 830 3205 novus
843 3157 950 3205 rerum
966 3139 1056 3218 ordo,
1077 3140 1142 3205 vim
1158 3138 1236 3221 legis

118 3227 272 3303 retinens,
290 3228 526 3311 subrogaretur.
544 3229 640 3295 Edita
662 3229 769 3312 itaque
788 3235 836 3294 est
852 3227 1047 3294 Constitutio
1064 3225 1163 3296 Sucro
1178 3243 1236 3308 op-

115 3315 283 3396 probonte,
301 3317 463 3382 declarans
477 3317 694 3383 concessiones
709 3316 766 3392 ibi,
784 3317 927 3382 indultus
943 3322 976 3381 et
991 3316 1158 3402 privilegia
1174 3317 1237 3382 im-

121 3403 249 3485 pertiri.
267 3405 320 3471 Sic
335 3407 374 3470 de
389 3407 516 3472 ceteris.
898 3489 900 3496 y

217 3493 275 3559 Vl.
297 3494 564 3560 eoncoruatomm
581 3497 678 3578 igitur
695 3495 819 3578 origine
834 3499 929 3578 atque
945 3495 1057 3560 istoria
1072 3494 1234 3578 probatur:
1294 3499 1298 3508 '

121 3583 238 3664 1.quae
246 3585 386 3648 exterius
397 3585 585 3666 religionem
597 3586 750 3659 afficiunt,
765 3603 828 3648 non
841 3585 980 3667 potuisse
989 3601 1006 3648 a
1016 3583 1140 3666 regibus
1149 3601 1237 3646 com-

118 3671 197 3753 poni
216 3677 269 3737 aut
285 3673 452 3754 gubernari
465 3674 534 3738 sine
550 3674 741 3738 Pontificum
758 3674 961 3747 anctoritate;
980 3675 1013 3738 2.
1030 3672 1119 3746 haec,
1140 3672 1236 3739 veluti

117 3761 287 3835 beneficia,
298 3762 419 3826 indulta
435 3763 533 3826 inisse
545 3763 748 3828 benemeritis
763 3761 957 3844 principibus
970 3762 1017 3826 vel
1030 3760 1186 3842 gentibus,
1202 3764 1237 3826 ut
1355 3829 1357 3834 ,

118 3849 249 3913 dissidia
266 3851 616 3927 tollerentur,strictior
628 3859 660 3918 et
672 3851 797 3916 suavior
804 3850 1066 3933 cumnpostolica
1075 3850 1154 3916 Sede
1161 3867 1238 3914 con-

117 3937 244 4004 iunctio
256 3939 476 4012 effloresceret,
488 3941 580 4005 huius
592 3941 727 4023 deniqne
740 3941 807 4022 lege
818 3947 851 4005 et
862 3940 1052 4004 auctoritate
1061 3943 1171 4019 gentes
1182 3939 1238 4002 lir-

118 4046 175 4090 mo
191 4045 299 4092 rerum
315 4029 426 4094 ordine
441 4031 714 4114 conquiescerent.
728 4030 822 4096 Hisce
834 4029 1027 4112 praemissis,
1042 4031 1130 4092 cuius
1141 4036 1238 4092 uotu-

117 4134 177 4180 rae
194 4118 258 4180 sint
274 4117 468 4182 Concordata
486 4119 608 4184 facilius
624 4119 801 4203 apparebit.
872 4147 876 4155 -
1262 4147 1263 4152 ¹

213 4207 286 4271 Vll.
303 4211 402 4272 Actus
418 4209 535 4290 publici
553 4214 677 4283 natura,
696 4227 735 4272 ex
749 4224 858 4273 rerum
873 4210 906 4270 et
922 4204 1239 4294 coutrabcmtumin-

117 4296 192 4361 dole
208 4295 370 4360 delinitur.
389 4297 463 4372 Res,
481 4297 584 4379 quoad
599 4298 802 4372 concordata,
820 4295 954 4377 duplicis
966 4300 1039 4359 sunt
1051 4292 1187 4375 generis:
1203 4309 1238 4354 a·

117 4388 182 4452 liae
199 4385 313 4449 intime
329 4385 497 4452 inhaerent
511 4385 680 4461 Ecclesiae,
698 4386 791 4470 eique
806 4386 1011 4461 necessariae,
1021 4400 1084 4464 ⁸nec
1095 4381 1237 4445 alienau-

116 4475 191 4547 dae;
210 4474 290 4538 aliae
306 4475 367 4539 etsi
384 4493 441 4541 nec
457 4493 561 4540 veram
575 4475 802 4540 alienationem
815 4474 985 4554 accipiant,
1000 4471 1237 4553 gratiaetamen

116 4565 227 4631 favore
241 4563 274 4627 in
291 4561 386 4631 laicos
403 4565 649 4632 transferuntur.
665 4565 786 4630 Prioris
798 4563 923 4646 generis
936 4562 1144 4712 eeiere4s¹11ut
1158 4574 1239 4642 quae
