3224 5282
449 290 496 404 ⁷²,
899 313 993 362 crnsn
1009 315 1031 362 r.

405 454 450 520 tia
466 470 565 536 aeque
579 454 810 522 consociantur.
829 457 896 526 Nec
911 459 1179 542 indeprogressas
1195 455 1387 522 indeficiens:
1410 470 1520 517 omnes

405 543 492 608 enim
503 543 771 626 populi‚revoluto
783 547 899 622 orbito,
914 548 1130 613 ademocrutia
1142 550 1181 613 ad
1193 545 1420 616 monarchiam,
1432 544 1521 625 quasi

405 633 445 696 ad
459 632 618 713 nouiragii
634 631 783 709 tabulam,
801 637 919 702 reversi
934 638 1062 703 suntsi
1078 654 1154 718 ergo
1169 641 1259 701 nutet
1274 634 1322 701 vel
1340 634 1463 697 laboret
1473 649 1523 695 so-

404 722 513 800 cietas,
528 722 556 786 si
567 723 770 788 instauranda
782 726 828 792 vel
840 725 1009 792 reficienda
1020 725 1063 791 sit
1075 725 1239 791 hominum
1256 723 1402 796 felicitas,
1420 721 1524 784 aliun-

405 811 444 876 de
459 827 553 895 quam
569 829 586 875 a
602 810 714 878 lonnis
737 817 769 878 et
784 814 997 880 accidentibus
1019 814 1082 879 erit
1097 814 1320 898 incipiendum.
1342 811 1523 892 Eademque

404 901 541 974 ratione,
563 900 748 968 societatem
764 901 963 970 fatiscentem
978 909 1132 970 exornant
1156 923 1219 968 non
1234 904 1411 966 restaurant
1432 917 1525 963 oeco-

406 990 573 1054 nomistae.
591 989 877 1068 Socialistaerero,
895 1011 954 1074 pro
970 993 1105 1058 naturali
1120 992 1282 1064 societate,
1300 987 1524 1071 imaginariam

404 1081 438 1142 et
453 1078 707 1144 absurdissimam
722 1080 902 1156 efferentes,
919 1083 1023 1148 eidem
1037 1082 1201 1146 solvendae
1215 1080 1405 1162 aptissimos,
1424 1095 1525 1140 novae

405 1171 511 1232 autem
526 1167 764 1233 constituendae
779 1169 994 1254 ineptissimos
1005 1187 1039 1234 se
1050 1169 1212 1234 exhibent.
1222 1170 1341 1236 Omnes
1353 1168 1387 1231 in
1398 1185 1439 1230 eo
1452 1183 1525 1246 pec·

404 1257 584 1338 cant,quod
592 1256 861 1324 Deumnnctorem
874 1266 907 1327 et
918 1259 1129 1342 legislatorem
1141 1263 1229 1324 extra
1241 1259 1426 1322 societatem
1438 1255 1525 1318 alala

404 1349 527 1424 gantes,
541 1345 725 1410 societatem
737 1347 838 1428 ipsam
850 1355 939 1416 exara
952 1348 1116 1414 lrominnm
1129 1351 1286 1422 naturam,
1300 1347 1430 1428 eiusque
1442 1343 1526 1426 leges

405 1450 442 1496 ac
457 1431 548 1509 finos,
567 1435 788 1502 adstruendam
803 1439 1010 1504 constituant.

380 1562 384 1569 -
493 1517 616 1594 Xlllll.
638 1524 707 1608 lloc
722 1526 822 1606 igitur
836 1527 927 1603 vitio,
946 1533 1106 1613 tamquam
1122 1524 1272 1610 acupile,
1295 1523 1479 1588 infirmatur
1494 1527 1526 1585 el

404 1613 587 1680 concutitur
605 1631 702 1695 genus
718 1615 902 1681 humanum.
920 1617 1036 1692 llomo,
1054 1619 1142 1682 cuins
1157 1615 1263 1680 divina
1280 1614 1399 1692 imago,
1417 1611 1526 1674 divina

402 1702 519 1768 mentis
530 1703 719 1776 similitudo,
730 1704 854 1768 divinus
866 1705 996 1780 linis,ac
1006 1713 1173 1790 propterea
1184 1703 1291 1770 divina
1304 1703 1428 1784 lexque
1442 1700 1526 1764 vitae

403 1807 510 1856 cursus
524 1792 557 1855 in
574 1792 671 1856 linem
686 1792 855 1874 dirigatur,
873 1795 1012 1862 divinam
1027 1813 1045 1859 a
1060 1814 1094 1860 se
1110 1795 1210 1860 ierme
1224 1790 1346 1872 expulit
1362 1795 1523 1854 naturam.

403 1877 491 1943 Olim
508 1897 526 1943 a
542 1880 610 1944 Deo
625 1879 765 1954 edoctus,
784 1881 886 1946 Deum
899 1884 1079 1967 loquentem
1094 1902 1130 1950 cc
1146 1883 1312 1948 docentem
1328 1877 1462 1960 sprevil;
1478 1893 1528 1940 ra-

405 1965 463 2040 tio,
475 1967 609 2031 adivlno
618 1968 736 2032 lumine
744 1970 911 2044 abstracta,
920 1973 1054 2048 examit3
1066 1973 1186 2038 delecta
1195 1969 1312 2034 mentis
1322 1966 1524 2034 celsitudine,

402 2071 509 2119 sensus
519 2057 768 2130 insurrexerunt,
779 2061 812 2121 et
823 2059 968 2122 rationia
984 2061 1051 2125 Deo
1064 2062 1294 2139 emancipatae,
1312 2052 1527 2136 emancipatio

403 2144 506 2208 carnis
518 2161 536 2207 a
548 2143 682 2208 rationis
695 2145 762 2224 lege
773 2146 1031 2222 successionum,
1039 2146 1283 2230 simplicissimis
1290 2162 1327 2210 ac
1334 2141 1529 2208 suavissimis

405 2235 535 2297 naturae
552 2233 672 2313 legibus
686 2233 854 2314 despectis,
863 2235 975 2300 fucatis
990 2237 1151 2302 illudimur
1165 2234 1294 2318 utopiis,
1304 2239 1339 2298 ct
1350 2249 1414 2314 quo
1427 2228 1529 2311 magis

309 2345 310 2348 ¹
403 2320 529 2385 socialis
541 2320 668 2386 libertas
678 2323 888 2403 praedicatur,
899 2325 1148 2410 populorumque
1159 2325 1305 2394 lellcitas,
1316 2340 1355 2385 eo
1368 2318 1530 2401 magisre-

405 2409 488 2476 cedit
505 2411 634 2475 libertas
649 2409 762 2486 civilis,
777 2416 809 2477 et
821 2413 929 2495 populi
941 2415 980 2476 ab
991 2413 1067 2496 ipsis
1079 2411 1334 2480 reformatoribus
1346 2412 1393 2475 ita
1408 2408 1530 2499 legibus

406 2498 545 2563 divexari
558 2505 739 2580 caeperunt,
750 2506 786 2564 ut
798 2501 850 2564 vix
863 2501 955 2566 liberi
968 2505 1190 2568 remansissent
1201 2500 1318 2565 lralitus
1330 2503 1363 2564 et
1374 2496 1528 2578 sarspiria.

406 2587 541 2653 luterim
557 2587 718 2669 egentium
740 2588 830 2652 turba
846 2591 983 2655 lremans
998 2607 1034 2655 ac
1050 2591 1186 2663 minans,
1207 2590 1259 2654 cui
1274 2587 1468 2668 subductum
1484 2589 1532 2648 est

402 2679 580 2740 extremum
594 2675 765 2758 patientiae
777 2695 813 2741 ac
824 2679 950 2743 virtutis
961 2678 1122 2760 effugium,
1132 2677 1532 2759 religio.Progressus,qno

403 2764 678 2845 rapimur,ultima
690 2764 848 2845 periodus,
860 2767 1054 2831 socialismus
1063 2766 1381 2833 velcommnnlsmus:
1391 2781 1474 2848 quo,
1485 2762 1533 2826 nl-

401 2851 429 2913 si
441 2853 525 2917 Deus
537 2854 630 2928 adsit,
640 2853 818 2917 foedissima
833 2856 976 2919 omnium
992 2856 1159 2938 tyrannide
1167 2855 1338 2920 lactabitur
1354 2871 1459 2932 genus
1474 2851 1533 2916 lur-

403 2958 544 3020 mmum,
556 2943 742 3024 usquedum,
751 2947 788 3007 ut
802 2943 1008 3008 naturalistae
1023 2948 1229 3024 augurantur,
1241 2945 1275 3008 in
1291 2941 1369 3023 quid
1383 2941 1533 3006 divinum

403 3047 461 3110 per
476 3033 601 3112 generis
618 3031 928 3112 transmigrationem
942 3037 1154 3098 convertatur.

483 3123 576 3186 xlx.
585 3121 670 3186 Haec
679 3137 863 3201 magnarum
875 3120 1059 3203 quandoque
1071 3119 1225 3184 mentium
1237 3117 1470 3190 deliramenta,
1481 3116 1534 3198 qui

401 3206 444 3270 sit
459 3210 713 3275 naturalistarum
729 3226 921 3291 progressus,
938 3207 1093 3272 horrenda
1110 3203 1205 3272 nimis
1219 3207 1348 3270 ratione
1363 3224 1534 3270 common·

401 3301 517 3363 strant.
526 3300 649 3381 Duplex
660 3299 761 3379 igitur
772 3314 966 3377 progressus:
974 3295 1113 3359 veritatis
1125 3300 1157 3360 et
1170 3295 1302 3359 erroris
1312 3295 1441 3360 Natura
1450 3312 1535 3358 sem·

401 3401 458 3463 per
469 3387 578 3450 eadem
591 3392 698 3450 manet
709 3403 781 3448 cum
793 3401 847 3447 sua
859 3383 1009 3465 originali
1021 3382 1174 3455 bonitate,
1192 3389 1226 3446 et
1237 3383 1450 3463 superaddita
1464 3401 1535 3466 per·

401 3471 562 3538 versitate:
573 3479 607 3536 at
618 3473 673 3556 qui
683 3471 826 3536 eamdam
837 3477 979 3536 naturam
988 3471 1122 3536 induunt
1131 3471 1278 3535 homines
1287 3487 1324 3534 ac
1333 3475 1466 3551 gentes,
1477 3489 1534 3554 pro

400 3572 511 3622 eorum
526 3559 686 3634 libertate,
709 3559 854 3623 modain
871 3560 1024 3632 bonitate,
1049 3558 1141 3622 modo
1157 3559 1190 3622 in
1205 3559 1382 3639 congenita
1400 3577 1535 3640 perver-

397 3643 492 3708 sitate
506 3649 765 3729 progrediuntur.
780 3646 842 3712 Sed
858 3647 1001 3712 nationes
1016 3647 1218 3711 infirmantur
1233 3650 1267 3710 et
1282 3647 1531 3712 convalescunt.

397 3729 431 3794 Sl
443 3749 519 3814 ergo
531 3736 564 3800 in
576 3754 686 3802 errore
698 3736 956 3819 versemur,quod
967 3734 1121 3798 humanae
1132 3739 1179 3799 est
1191 3735 1414 3810 infirmitatis,
1425 3738 1470 3800 ad
1485 3755 1535 3802 ve-

396 3817 525 3888 ritatem
537 3830 569 3892 et
580 3827 768 3910 sapientiam
781 3825 955 3897 redeamus,
969 3822 1104 3886 inditam
1122 3828 1254 3886 naturae
1274 3823 1382 3904 legem
1402 3830 1534 3890 sectan-

395 3911 494 4006 tesca
510 3913 603 3980 lessas
619 3916 736 3980 mentis
750 3914 912 3996 animique
928 3911 1008 3977 vires
1022 3927 1175 3992 supernae
1187 3909 1267 3975 lucis
1279 3916 1381 3994 atque
1394 3913 1535 3996 religio-

395 4011 444 4058 nrs
455 4002 572 4070 amilio
587 4005 778 4070 reficientes.
