3222 5282
438 299 481 366 30
882 321 1015 370 ursuni.

394 468 476 549 quod
493 465 639 532 rationali
662 472 793 532 naturae
805 468 1020 543 adversantur,
1044 472 1173 534 naturae
1193 472 1266 533 sunt
1285 473 1510 554 corruptiones

394 551 443 622 vel
457 555 670 631 infirmitates,
686 557 826 639 adeoque
840 556 1033 622 cohibendae
1048 557 1097 622 vel
1111 557 1321 638 expellendae.

482 647 572 712 XVl.
585 644 901 728 Necessarioquoque
911 647 1076 728 suapollot
1091 645 1233 710 iudiciali
1245 650 1279 712 et
1292 649 1420 718 caelesti
1436 669 1511 718 san-

393 737 498 804 ctione
509 735 585 800 haee
599 734 762 815 obligatio.
780 735 920 809 Etenim,
936 751 1000 797 non
1016 739 1081 800 tam
1096 734 1222 799 iudiciis
1234 733 1412 814 hominum,
1426 751 1509 826 quae

394 826 442 893 vel
457 823 665 889 multifariam
681 823 766 888 nulla
781 826 854 887 sunt
867 822 916 887 vel
932 822 1021 898 falsa,
1047 841 1141 904 quam
1156 825 1364 910 conscientia,
1380 831 1509 896 scelesti

393 932 507 998 poenas
519 913 621 976 luunt:
635 916 670 976 ut
684 928 738 976 eos
749 913 872 993 agitent
884 915 976 992 atque
987 912 1184 976 insectentur
1193 912 1304 988 iuriae,
1319 932 1383 980 non
1395 919 1511 984 arden·

393 1005 478 1069 tibus
492 1002 605 1074 taedis,
623 1000 704 1065 sicut
718 1005 766 1067 est
780 1001 813 1064 in
831 999 954 1073 fabulis,
973 1001 1027 1066 sed
1041 1017 1159 1082 angore
1174 1000 1399 1081 eonscientiae,
1419 1006 1510 1072 lrau·

392 1093 502 1176 disque
512 1089 665 1154 cruciatu.
679 1089 767 1170 Quae
777 1090 962 1170 temporalis
973 1089 1245 1164 sanctio‚altcrius
1254 1095 1400 1158 aeternae
1410 1113 1511 1178 augu-

394 1183 478 1246 rium
490 1182 548 1253 est,
563 1183 595 1242 et
610 1177 783 1243 inchoatio.
798 1179 938 1259 Eamque
950 1178 1115 1259 pollicetur
1128 1177 1277 1244 Numinis
1288 1178 1420 1258 iustitia,
1434 1204 1511 1266 pro·

394 1268 535 1334 videntia
559 1271 591 1331 et
605 1265 764 1343 sanctitas;
785 1284 855 1332 eam
879 1271 1010 1331 testatur
1024 1285 1085 1334 vox
1106 1265 1225 1340 divina,
1249 1266 1416 1336 bominum
1438 1290 1512 1338 cor-

394 1359 484 1426 dibus
499 1357 659 1430 insonans,
675 1355 847 1420 benefactis
862 1357 1016 1435 praemia,
1043 1356 1125 1419 male
1140 1358 1247 1418 autem
1268 1354 1359 1422 factis
1372 1379 1511 1442 poenam

394 1463 574 1529 reposcens3
601 1461 672 1508 eam
684 1445 810 1528 invocat
829 1444 988 1509 imbecilla
1003 1444 1142 1510 hominis
1154 1447 1277 1519 natura,
1300 1446 1339 1511 ud
1355 1448 1511 1516 virtutum
1544 1461 1548 1468 ’

349 1555 352 1562 ’
394 1553 535 1619 quaeque
550 1533 658 1608 ardua,
676 1533 862 1615 gaudiorum
877 1551 930 1616 spe
945 1533 1093 1616 erigenda
1108 1550 1144 1598 ac
1154 1533 1354 1613 sublevanda
1368 1553 1441 1600 eam
1457 1556 1513 1604 ex-

393 1624 496 1708 poscit
511 1640 658 1706 praesens
674 1623 849 1704 impiorum
860 1640 924 1686 non
936 1639 1008 1686 rara
1018 1621 1168 1698 felicitas,
1184 1621 1402 1708 bonorumque
1415 1627 1513 1692 mise-
1600 1699 1601 1714 χ

395 1713 443 1778 ria
455 1719 486 1779 et
498 1711 674 1794 aegritudo,
689 1730 811 1784 necnon
823 1711 1013 1776 iudiciorum
1024 1711 1166 1776 civilium
1181 1710 1369 1789 impotentia
1381 1714 1430 1780 vel
1441 1732 1514 1780 cor·

394 1803 600 1884 ruptibilitas.
617 1802 700 1876 lmo,
718 1817 818 1884 neque
833 1798 895 1863 ulla
907 1800 941 1864 in
952 1799 1058 1875 terris,
1072 1800 1192 1866 sublata
1203 1798 1332 1864 alterius
1343 1801 1429 1868 vitae
1439 1821 1512 1868 san-

395 1889 733 1972 ctione,eritquies'vel
743 1888 887 1952 felicitas.
897 1887 974 1968 Quis
983 1889 1069 1952 enim
1081 1890 1237 1952 inermem
1245 1889 1511 1973 tuebituraprae-

394 1979 489 2053 done,
503 1978 558 2062 qui
574 1994 631 2041 uec
646 1982 759 2042 testem
774 1977 887 2042 timeat
904 1993 961 2040 nec
976 1975 1125 2054 iudicem,
1147 1975 1210 2042 nisi
1225 1975 1278 2040 lex
1291 1978 1364 2054 Dei,
1381 1979 1510 2065 eiusque

394 2069 516 2132 sanctio
532 2065 740 2147 sempiterna?

484 2154 592 2221 XVII.
604 2153 638 2218 Si
648 2153 833 2234 colligantur
843 2152 997 2236 exposita,
1007 2171 1099 2218 verae
1108 2159 1140 2221 et
1155 2172 1297 2220 summae
1311 2155 1389 2238 legis
1405 2157 1512 2222 notio-

397 2263 470 2308 nem
484 2244 693 2309 eonstituent.
711 2243 769 2307 Est
785 2241 872 2306 enim
885 2242 948 2306 lex:
970 2241 1136 2307 &dinatio
1151 2245 1298 2323 rationis,
1315 2243 1414 2308 lotoe
1426 2262 1512 2309 sum-

396 2351 447 2398 mo
462 2332 645 2416 legislatore,
661 2333 702 2396 od
718 2331 834 2396 bonam
845 2348 1019 2406 commune,
1034 2333 1161 2396 subditis
1170 2333 1421 2415 promulgataa
1436 2351 1513 2398 aare

396 2423 495 2486 ellone
510 2421 712 2486 communito.
723 2420 822 2503 Atqui
833 2419 1011 2484 eminenter
1025 2419 1102 2484 haec
1113 2421 1220 2486 omnia
1240 2421 1275 2486 in
1291 2422 1360 2503 lege
1375 2423 1511 2487 naturali

394 2510 608 2575 eontinentur.
622 2509 752 2574 Etenim
765 2509 798 2573 1.
813 2508 1179 2583 estordr‘netioretioais,
1192 2508 1259 2574 imo
1271 2509 1338 2592 ipsa
1348 2509 1447 2584 ratio,
1460 2527 1512 2576 aa·

395 2604 485 2664 terna
500 2599 535 2662 in
550 2600 630 2673 Deo,
648 2597 897 2681 transcriptaque
912 2596 947 2659 in
962 2595 1104 2661 homine.
1116 2596 1238 2662 auara
1253 2615 1407 2662 esummo
1423 2598 1512 2681 legis-
1576 2661 1582 2666 .

394 2688 504 2766 latore,
523 2705 636 2768 nempe
651 2703 670 2750 a
685 2687 765 2759 Deo,
783 2685 837 2769 qui
853 2702 916 2748 non
932 2685 1093 2749 cuiusdam
1108 2686 1359 2760 communitatis,
1373 2687 1429 2750 sed
1441 2688 1513 2752 uni-

394 2793 500 2842 versae
515 2775 681 2840 homiuum
696 2774 854 2838 societatis
869 2773 1038 2854 imperium
1053 2777 1086 2838 et
1100 2792 1209 2839 curam
1223 2774 1330 2839 habet.
1348 2772 1382 2839 3.
1395 2772 1446 2840 Λα
1459 2777 1513 2841 bo-

394 2881 472 2929 num
487 2881 660 2942 commune,
679 2863 719 2926 ad
732 2863 876 2926 ordinem
891 2861 1012 2928 scilicet
1026 2861 1192 2926 universae
1207 2867 1349 2936 naturae,
1363 2866 1459 2946 atque
1474 2866 1511 2930 ad

394 2953 564 3017 ineundam
579 2970 651 3016 cum
662 2953 743 3026 Deo,
759 2950 933 3033 ceterisque
954 2950 1148 3026 hominibus,
1165 2949 1243 3015 iuris
1257 2951 1456 3016 societatem.
1476 2950 1510 3018 ll.

395 3039 530 3108 Subdltls
539 3041 749 3124 promulgato,
765 3040 840 3104 dum
852 3037 1069 3102 indelebilibus
1082 3039 1193 3121 signis,
1203 3039 1333 3115 mentis,
1346 3040 1513 3122 cordisque

394 3130 508 3196 tabulis
518 3129 717 3194 exorabatur.
741 3128 773 3193 5.
791 3129 927 3193 Domum
949 3127 1109 3191 sanctione
1131 3128 1334 3202 communita:
1358 3125 1426 3191 imo
1443 3129 1512 3210 ipsa

395 3219 542 3283 humanis
557 3218 675 3299 legibus
691 3217 887 3281 sanctionem
910 3213 1056 3289 afferens3
1073 3234 1170 3298 quum
1185 3217 1325 3297 praemia
1345 3219 1379 3278 et
1394 3233 1513 3296 poenas

395 3309 566 3390 rependere
581 3307 621 3370 ad
635 3305 869 3390 aequalitatem,
886 3302 1016 3366 humani
1033 3303 1222 3385 legislatoris
1237 3303 1399 3370 interdum
1414 3309 1449 3371 et
1464 3305 1514 3370 ni-

397 3398 458 3461 mis
472 3395 652 3478 frequenter
666 3393 795 3459 excedat
811 3395 1001 3474 potestatem
1016 3389 1027 3477 (
1047 3387 1068 3473 ).

478 4343 517 4420 lo)
524 4341 679 4416 Quaesitum
692 4348 745 4421 est,
757 4362 821 4404 num
828 4339 871 4405 lex
882 4341 1014 4404 naturalis
1025 4337 1252 4416 dispensationem
1259 4337 1386 4416 accipiat.
1402 4334 1514 4401 Nullam

403 4423 429 4479 ln
443 4421 473 4479 lis
487 4438 557 4496 quae
568 4421 711 4480 intrinsece
726 4428 807 4497 alque
820 4422 1036 4496 independenter
1045 4422 1114 4478 allel
1124 4420 1261 4478 voluntate
1275 4418 1345 4476 nrola
1358 4424 1433 4488 sunl,
1445 4424 1477 4475 ut
1487 4419 1514 4474 in

402 4497 576 4571 blasphemia,
591 4496 740 4571 sacrilegio,
759 4499 887 4570 periurio.
900 4497 1052 4570 Aliquando
1064 4511 1138 4566 vero,
1156 4510 1207 4566 per
1226 4495 1273 4552 Del
1294 4494 1514 4564 concessionem,

403 4575 428 4630 in
445 4576 477 4633 iis
493 4588 560 4648 quae
574 4574 619 4631 Del
633 4573 772 4634 subiacent
785 4573 908 4650 imperio,
927 4581 958 4632 ut
972 4573 998 4631 in
1012 4573 1096 4630 lsaaci
1111 4571 1253 4630 sacrificio.
1270 4570 1352 4646 (Gen.
1369 4569 1457 4643 Xllll‚
1473 4566 1514 4641 2.)
