3224 5282
430 271 474 336 86
876 294 1011 346 armar.

384 439 419 504 to
429 435 663 519 compellamus:
675 457 693 498 «
707 437 839 508 Vestrae
850 440 1018 508 cathedrae
1032 433 1189 524 originem
1199 440 1369 518 ostendite,
1383 442 1440 525 qui
1452 463 1502 510 vo-

165 537 188 606 ι)
203 531 367 615 Cont.Por·
386 524 435 590 bis
451 526 546 592 vultis
561 531 701 592 sanctam
714 528 890 596 Ecclesiam
906 531 1064 598 vindicare
1081 529 1122 614 1).
1142 531 1384 598 »Tertullianus
1396 539 1502 600 autem

142 612 292 680 atenaco,
318 603 364 662 ¹¹1³·
386 615 560 682 Ecclesiam
573 615 741 692 inducebat
752 621 944 703 loquentemt
956 641 973 681 (ι
983 620 1047 700 Qui
1061 620 1152 686 estisi
1163 620 1295 700 Quando
1307 626 1342 686 et
1352 622 1439 686 unde
1454 641 1504 688 ve-

387 703 494 770 nistis?
509 702 593 783 Quid
607 705 641 768 in
657 723 735 771 meo
743 708 838 790 agitis
852 727 917 774 non
932 710 1011 775 mei?
1025 709 1097 776 Mea
1113 715 1161 774 est
1176 709 1336 791 possessio.
1350 709 1439 790 Quid
1453 711 1504 775 hic

387 793 428 858 ad
442 793 635 860 voluntatem
651 799 786 862 vestram
800 798 964 864 seminatis
978 804 1012 864 et
1026 798 1169 879 pascitis?
1183 787 1255 866 lun
1269 805 1319 865 est
1332 802 1503 882 possessio,

387 883 464 949 olim
479 883 634 965 possideo,
652 882 752 950 habeo
766 887 908 967 origines
921 888 1028 954 tirmos
1047 888 1086 951 ab
1106 887 1145 952 iis
1161 889 1351 964 auctoribus,
1368 907 1505 970 quonam

137 1007 139 1012 ·
181 985 208 1058 pp
221 989 263 1044 pe
274 987 369 1044 prae-
386 972 448 1038 luit
461 991 523 1038 res:
539 990 598 1054 ego
612 990 681 1038 sum
697 972 787 1040 lieres
802 976 1028 1057 Apostolorum
1044 973 1087 1059 2).
1111 999 1129 1039 s
1145 975 1216 1056 Qua
1237 977 1383 1044 Africani
1398 979 1505 1044 docto·

142 1069 245 1138 script
386 1062 478 1134 ris'et
494 1061 719 1137 iurisconsulti,
736 1065 822 1128 nulla
844 1065 974 1132 solidior
996 1067 1228 1147 argumentatio
1250 1067 1356 1132 afferri
1371 1069 1502 1149 poterit.

386 1152 440 1220 Ad
453 1169 521 1217 rem
537 1151 636 1233 igitur
651 1153 855 1232 Augustinus:
875 1175 893 1216 a
910 1156 1009 1221 Tenet
1032 1172 1083 1220 me
1107 1155 1140 1220 in
1163 1155 1303 1220 Ecclesia
1325 1155 1503 1231 catholica,

387 1240 511 1322 abipsa
534 1241 606 1306 sede
629 1241 718 1306 Petri
733 1243 882 1324 apostoli,
901 1243 952 1308 etri
975 1243 1142 1326 pascendas
1164 1261 1328 1322 cvessuas
1351 1245 1507 1310 nominos

386 1330 632 1405 commendavit,
649 1346 747 1411 usque
764 1333 805 1398 ad
825 1337 1022 1415 praesentem
1043 1332 1269 1418 episcopatum,
1283 1335 1438 1400 successio
1460 1353 1508 1400 sa-

156 1431 369 1505 altipassus·
387 1421 550 1486 cerdotum
567 1416 610 1504 3).
630 1429 648 1482 d

142 1506 328 1582 dantem.
478 1510 570 1576 XlX.
588 1511 710 1592 ltaque,
728 1508 756 1574 si
771 1509 961 1594 Scripturis,
973 1511 1083 1579 ettoti
1099 1510 1281 1594 antiquitati
1295 1513 1358 1578 ulla
1373 1513 1464 1588 lides,
1479 1513 1507 1578 si

388 1599 450 1664 ulla
464 1598 603 1666 Ecclesia
619 1617 678 1680 pro
694 1599 847 1665 universis
862 1601 1035 1682 gentibusa
1050 1599 1175 1690 Claristo
1191 1605 1237 1666 est
1254 1603 1413 1678 instituta,
1430 1602 1507 1667 haec

386 1693 437 1755 cst
451 1691 607 1764 Romana,
626 1707 787 1772 nunquam
808 1689 987 1772 interrupta
1008 1695 1170 1771 pastorum
1190 1689 1284 1764 serie,
1301 1708 1358 1772 per
1377 1691 1507 1756 Petrum

387 1776 514 1844 Christo
529 1777 755 1859 conglutinata.
766 1778 833 1844 Hac
847 1783 970 1846 retenta
981 1777 1181 1844 successionis
1192 1778 1436 1861 apostolicitate,
1449 1780 1509 1846 Ec·

390 1866 498 1940 clesia,
517 1871 552 1932 ut
567 1867 672 1951 inquit
683 1867 868 1951 Cyprianus,
881 1887 899 1929 s
915 1868 1030 1951 ubique
1044 1867 1242 1942 diffunditur,
1256 1886 1314 1934 nec
1324 1869 1429 1934 unitas
1439 1886 1509 1934 eor·

391 1955 480 2035 poris
493 1960 670 2036 separatur.
689 1978 707 2018 s
725 1955 815 2024 Unde
838 1957 894 2022 illa
908 1955 1144 2024 cathodoorum
1167 1956 1232 2022 laus
1245 1957 1505 2038 praeclarissima:

391 2063 409 2102 e
426 2043 511 2125 Ergo
527 2044 591 2107 iam
608 2062 672 2110 non
687 2044 763 2110 estis
777 2044 917 2130 hospites
930 2051 963 2113 et
975 2047 1123 2121 advenae,
1136 2045 1191 2112 sed
1201 2045 1276 2111 estis
1287 2048 1370 2112 cives
1383 2051 1508 2112 nouo

387 2150 461 2201 rum
475 2139 509 2200 et
522 2133 688 2199 domestici
703 2134 775 2209 Dei,
793 2135 1043 2219 superaedificati
1064 2153 1157 2219 super
1179 2134 1418 2202 tundamentum
1431 2152 1508 2216 epo-

388 2221 543 2288 stolerum
557 2225 591 2288 et
606 2221 844 2304 prophetarum,
867 2225 936 2307 ipso
959 2242 1083 2294 summo
1105 2224 1248 2306 angulari
1263 2223 1366 2307 lapide
1380 2222 1506 2292 corato

389 2311 472 2376 lesu:
487 2310 520 2376 in
533 2328 596 2392 qno
608 2312 712 2377 omnis
723 2311 903 2380 aedificatio
914 2317 1094 2380 oonstnrctn
1102 2312 1216 2379 crescit
1227 2312 1262 2377 in
1273 2312 1428 2394 templum
1436 2329 1507 2376 san-

386 2404 475 2466 ctum
490 2400 525 2464 in
540 2399 689 2476 Domino,
711 2399 746 2464 in
762 2419 825 2483 quo
846 2406 880 2468 ct
894 2421 949 2468 vos
963 2401 1214 2468 coaedificamini
1233 2401 1269 2466 in
1292 2400 1506 2468 habitaculum

156 2491 184 2564 4)
200 2487 363 2565 aplacdl,
387 2488 447 2556 Dei
462 2489 497 2554 in
511 2488 628 2570 spiritu
641 2485 686 2571 d).
705 2511 723 2552 o
738 2489 806 2554 Hac
819 2491 1023 2556 successionis
1036 2491 1172 2566 unitate,
1187 2489 1347 2571 prodnnnt
1362 2490 1396 2555 in
1411 2507 1507 2572 gene

142 2569 238 2627 ¹⁹·22·
254 2606 257 2612 v
385 2577 526 2643 rationes
540 2577 737 2642 saeculorum
748 2578 879 2644 flumina
894 2581 1016 2661 gratim
1027 2584 1060 2646 et
1072 2577 1278 2645 veritatislix
1291 2578 1422 2644 adverso
1436 2598 1455 2638 a
1468 2578 1507 2644 ab

169 2717 171 2724 .
384 2665 497 2732 arbore
513 2666 623 2748 frange
646 2684 782 2740 ramum,
801 2667 919 2735 fructus
942 2668 1121 2750 germinare
1143 2686 1206 2732 non
1225 2667 1393 2749 poterit3a
1417 2667 1507 2732 fonte

167 2767 194 2840 5)
205 2759 362 2844 supplico.
385 2755 530 2836 praecide
544 2755 661 2830 rivum,
673 2756 830 2838 praecisus
842 2761 962 2824 arescet
975 2754 1018 2842 5).
1031 2779 1049 2819 a
1065 2756 1172 2821 Fracti
1185 2756 1279 2830 rami,
1292 2760 1325 2821 et
1340 2755 1402 2820 rivi
1415 2773 1508 2838 prae·

149 2849 193 2902 De
224 2845 346 2904 Unttnce
382 2843 455 2919 cisi,
469 2850 542 2910 sunt
552 2846 686 2911 cuiusvis
698 2845 837 2910 nominis
846 2845 966 2921 Sectae,
984 2862 1076 2930 quac,
1090 2850 1127 2910 ut
1141 2844 1204 2910 lert
1215 2844 1411 2920 vombulum,
1426 2863 1444 2909 a
1457 2863 1508 2908 ra·

148 2918 309 2980 Εθθῑθΰῑαθ·
383 2932 463 3000 dicis
474 2933 599 2999 unitate
610 2934 983 3018 sectaesunt.l)equibus
994 2937 1118 2998 sanctm
1129 2932 1507 3015 apostolusluduszsvos

383 3028 490 3090 autem
501 3022 691 3098 charissimi,
702 3039 857 3088 memores
868 3021 1162 3098 estete-verborum,
1173 3039 1252 3104 quae
1262 3022 1423 3107 praedicta
1434 3027 1509 3088 sunt

384 3113 423 3176 ab
438 3111 598 3197 Apostolis
609 3112 742 3178 Domini
753 3113 855 3177 nostri
865 3114 935 3180 lesu
943 3110 1074 3185 Christi,
1092 3111 1147 3194 qui
1163 3110 1309 3176 dicebant
1323 3111 1412 3176 robis
1427 3131 1508 3193 quo

383 3201 471 3268 niam
485 3203 519 3267 in
535 3201 706 3268 novissimo
729 3206 873 3283 tempore
887 3200 1015 3267 venient
1030 3200 1183 3276 illusores,
1199 3199 1369 3264 seeundum
1384 3199 1510 3266 deside-

383 3291 432 3355 ria
447 3310 502 3357 sua
517 3291 714 3358 ambulantes
727 3289 763 3354 in
778 3289 1008 3372 impietatibus.
1021 3289 1065 3354 Hi
1080 3294 1154 3354 sunt
1164 3288 1220 3371 quai
1234 3297 1395 3372 segregant
1409 3307 1508 3356 uma

179 3388 206 3463 s)
216 3393 310 3464 Epist.
321 3389 366 3444 ln·
381 3379 492 3460 ttpsos,
509 3379 674 3455 animales,
691 3378 846 3460 Spiritum
861 3396 924 3444 non
940 3377 1091 3444 habentes
1105 3375 1149 3460 6).
1169 3400 1188 3441 a

139 3467 201 3541 doe,
220 3465 318 3525 1749.
474 3468 550 3534 XX.
567 3467 670 3532 Venae
686 3465 852 3546 religionis
862 3466 1030 3542 unitatem,
1044 3465 1257 3540 divinitatem,
1271 3465 1400 3548 eiusque
1408 3465 1445 3530 in
1458 3484 1510 3532 re-

384 3555 488 3636 gendo
505 3555 723 3636 magisterium
745 3554 791 3620 ita
805 3555 1038 3632 constituimus,
1055 3559 1092 3620 nt
1107 3571 1181 3620 vera
1195 3555 1263 3637 ipsa
1278 3555 1392 3637 religio
1407 3554 1509 3620 socie·

385 3651 433 3709 tas
447 3645 503 3718 sit,
518 3643 645 3708 civilem
659 3643 842 3712 societatem
853 3661 1030 3729 permeans,
1047 3642 1206 3718 erudiens,
1227 3647 1322 3725 atque
1345 3643 1385 3708 ad
1403 3643 1508 3710 neum

385 3733 566 3798 instituens:
584 3731 722 3812 perlecta
736 3731 837 3813 igitur
850 3735 886 3799 in
901 3751 934 3798 se
948 3733 1029 3814 ipsa,
1048 3733 1145 3796 libere
1159 3731 1305 3807 edocens,
1324 3731 1429 3797 delata
1445 3731 1507 3796 sibi

384 3839 403 3886 a
418 3820 486 3886 Deo
500 3819 690 3888 auctoritate
704 3821 893 3901 gubernans,
915 3839 965 3886 res
986 3823 1067 3904 ipsas
1090 3820 1269 3886 materiales
1284 3821 1346 3886 sibi
1362 3838 1508 3886 necamu-

384 3910 448 3974 rias
461 3927 517 3973 suo
533 3909 603 3972 iure
615 3908 776 3989 possidens
787 3916 880 3992 atquc
891 3910 1126 3983 administrans,
1136 3925 1235 3990 enque
1245 3909 1354 3974 omnia
1365 3926 1447 3991 quae
1458 3909 1508 3972 di-

384 3999 494 4063 vinum
505 3997 689 4061 mandatum
700 4003 844 4078 spectant
857 3999 953 4063 libere
964 3998 1143 4080 perficiens,
1153 3994 1232 4060 nulli
1245 4001 1392 4063 terrenae
1402 3998 1509 4062 subie-

384 4093 435 4152 cta
451 4085 614 4168 potestati.
632 4083 719 4166 Opus
733 4087 850 4169 quippe
863 4086 1006 4152 divinum
1025 4087 1094 4168 ipsa
1108 4089 1169 4160 est,
1187 4089 1252 4151 tcta
1268 4086 1507 4167 qualiscumque

385 4181 446 4250 est3
465 4193 529 4240 non
544 4172 673 4238 condita
688 4173 881 4249 humanitus,
895 4191 997 4257 neque
1012 4175 1073 4240 nlla
1093 4174 1142 4238 sui
1161 4178 1253 4254 parte
1266 4175 1306 4237 ab
1321 4174 1507 4239 hominibus

260 4332 264 4344 ,
386 4263 567 4337 reficienda,
584 4261 702 4326 saeculi
722 4264 943 4344 potestatibus,
964 4262 1158 4344 principibus
1179 4266 1213 4327 et
1233 4263 1379 4342 gentibus
1402 4263 1508 4328 excel·

385 4354 460 4430 sion
477 4353 537 4427 ius,
555 4367 619 4414 uno
635 4350 741 4426 aerbo,
758 4351 964 4425 constituens,
981 4351 1032 4416 cui
1047 4351 1117 4420 iura
1128 4349 1271 4432 gentium
1283 4355 1378 4433 atque
1389 4369 1507 4433 regno·

385 4462 455 4508 rum
470 4441 692 4522 obsequantur.
1138 4484 1140 4488 -

474 4531 565 4598 xxi.
583 4529 768 4612 Propterea,
785 4527 813 4599 si
828 4543 900 4596 vere
911 4527 1030 4594 dictum
1041 4531 1089 4592 ost
1104 4528 1278 4594 aPlatone:
1298 4548 1315 4588 ι(
1333 4528 1458 4606 Prima,
1473 4528 1506 4592 in
