3238 5282
383 259 386 264 Ι
429 299 495 367 iti
870 313 965 362 arnna
980 313 1014 361 ιι.

449 479 452 486 ’
472 465 514 528 ll.
533 462 679 544 Veroque
697 465 841 542 tempora
855 461 1036 527 obstabant.
1049 459 1132 530 itam
1147 423 1214 536 tot,
1227 457 1413 542 impellente
1429 459 1517 526 chri-

382 553 484 619 stiana
500 553 667 626 charitate,
686 549 947 614 manumissiones
963 550 1108 624 aderant,
1124 552 1161 613 ut
1176 547 1268 614 urbes
1284 548 1516 616 libertinorum

381 643 497 707 turmis
511 644 730 724 gravarentur,
747 639 860 721 quibus
876 639 960 704 bona
975 638 1086 704 omnia
1102 637 1247 712 mot,
1263 645 1398 721 excepta
1413 640 1517 714 ‚liber-

382 735 461 797 tate.
479 731 631 796 Excessus
645 728 787 812 quidem,
803 729 857 792 scd
874 727 1028 793 laudanda
1044 725 1270 811 imprudentia,
1287 727 1322 792 ia
1338 747 1377 794 eo
1399 729 1517 796 saltem

381 815 593 886 irriternitatis
603 817 739 883 consilio
749 817 835 901 quod
848 817 1136 890 illamdictaverat.
1150 815 1272 884 Verum
1286 814 1342 880 illa
1358 818 1430 902 ipsa
1443 819 1517 883 cha-

380 908 662 992 ritasquaeservos
676 907 793 972 liberos
805 907 938 981 iecerat,
950 906 1082 970 miseros
1094 924 1157 970 nnn
1169 905 1423 988 derelinquebat.
1435 907 1516 972 Pau-

379 997 518 1081 perismo
533 997 622 1063 enim
636 1001 849 1068 excrescente,
866 1013 946 1076 quae
960 993 1069 1060 Intimi
1084 993 1216 1077 imperii
1232 992 1352 1080 (Boron
1369 995 1516 1080 impero)

381 1086 481 1166 tristis
490 1092 559 1152 erat
571 1087 674 1170 plaga,
684 1083 995 1167 legumhumanitate
1007 1082 1260 1150 mendicantibus
1271 1085 1438 1166 provisum
1450 1085 1517 1150 iuc-

132 1143 174 1277 αἱ)
185 1143 363 1280 miza*
383 1178 433 1240 rat
451 1173 493 1259 l);
511 1179 544 1241 ct
558 1174 744 1257 rogantibus
760 1173 930 1256 episcopis,
947 1178 1040 1239 aucta
1051 1171 1221 1256 hospitalia
1236 1176 1271 1238 et
1281 1171 1456 1240 charitatis
1467 1176 1518 1239 in·

133 1297 221 1352 ,pm
380 1263 494 1329 stituta
509 1264 553 1350 2),
567 1281 648 1346 qnae
662 1262 803 1330 lulianus
817 1265 960 1344 apostata
972 1260 1163 1329 Christianis
1178 1260 1354 1328 invidebat.

148 1373 175 1442 ιι
192 1371 222 1428 c,
237 1369 275 1428 de
290 1374 362 1446 opt·
470 1353 531 1419 lll.
548 1353 633 1420 llaec
648 1352 744 1436 primi
757 1351 925 1417 christiani
936 1350 1141 1433 imperatoris
1153 1348 1403 1433 iurisprudcntia
1420 1370 1516 1434 quam

134 1451 237 1521 scopu,
247 1450 358 1519 passim.
381 1441 437 1506 alii
453 1445 675 1523 sequebantur,
693 1457 732 1506 eo
748 1441 796 1506 vel
814 1440 953 1514 maxime
966 1439 1165 1514 admiranda,
1179 1437 1262 1524 qood
1273 1439 1428 1521 religioso
1441 1460 1517 1506 con·

380 1531 454 1616 silio
470 1531 590 1613 genita,
600 1535 633 1597 et
648 1529 785 1614 Augusti
799 1530 918 1612 legibus
929 1529 1164 1594 adversabatur.
1172 1531 1333 1609 Augustus
1345 1529 1436 1595 enim
1450 1548 1515 1594 ma-

381 1619 629 1687 numissionibus
643 1620 839 1694 coercendis,
859 1619 980 1700 legibus
995 1617 1081 1683 AElia
1095 1618 1205 1686 sentia
1220 1627 1305 1682 anno
1320 1618 1361 1685 U.
1375 1617 1414 1686 C.
1435 1619 1513 1693 757,

381 1715 413 1776 ct
430 1709 524 1776 Fusia
539 1708 673 1777 Caninia
689 1727 773 1774 anno
789 1707 868 1782 761,
886 1707 1137 1773 adlaboraverat.
1154 1707 1251 1781 Nam,
1269 1704 1357 1771 inter
1373 1708 1457 1774 bella
1471 1708 1514 1772 oi-

383 1799 467 1873 vilia,
479 1797 585 1864 liberti
595 1799 735 1881 legiones
747 1797 967 1882 impleverant,
975 1800 1008 1861 et
1019 1796 1358 1880 coniugiis,servorum
1371 1797 1514 1879 sanguis,

380 1887 462 1970 quod
477 1888 571 1952 civile
587 1892 656 1953 erat
672 1886 771 1964 netas,
789 1905 920 1952 romano
936 1885 1089 1967 sanguine
1110 1883 1354 1951 admiscebatur.
1373 1885 1513 1968 Qunam

380 1976 469 2039 brem
485 1975 580 2050 servi,
600 1994 663 2039 non
679 1982 755 2046 ante
771 1992 871 2040 annos
886 1975 1032 2058 triginta,
1051 1973 1235 2040 memoratis
1250 1973 1384 2056 legibus,
1405 1993 1465 2040 nec
1481 1975 1512 2038 in

382 2062 509 2146 plenam
526 2064 705 2130 libertatem
721 2065 925 2139 vocabantum
940 2063 1044 2130 sedin
1061 2064 1262 2145 probrosam,
1279 2063 1512 2146 quaeinierior

155 2156 182 2230 at
197 2157 299 2231 instit,
328 2155 363 2214 dc
384 2169 401 2216 a
417 2152 595 2221 Iustiniana
604 2149 648 2235 3),
660 2157 693 2217 et
708 2153 843 2236 pessima
859 2171 877 2217 a
893 2151 970 2219 Caio
983 2153 1171 2238 appellatur.
1180 2151 1391 2218 Constantino
1408 2159 1512 2220 autem

133 2231 291 2293 laterannis.
385 2241 574 2324 imperanto,
592 2241 737 2306 maiestas
752 2241 879 2306 romani
897 2242 1035 2308 nominis
1049 2241 1277 2316 collabebatur,
1292 2245 1325 2306 et
1339 2241 1511 2309 christiana

383 2331 497 2412 religio
513 2331 578 2396 alte
593 2332 752 2396 mentibus
763 2330 971 2413 cordibusque
984 2331 1157 2414 insederat,
1173 2331 1353 2395 libertatem
1367 2337 1512 2398 exomm-

385 2424 592 2486 ra.httamen
601 2419 706 2502 piures
712 2419 845 2502 Augusti
855 2421 1059 2502 exceptiones
1071 2438 1170 2502 usque
1182 2420 1221 2484 ad
1235 2414 1450 2486 lustiniauum
1462 2439 1513 2486 ex·

150 2515 177 2586 ιι
194 2511 262 2574 cod.
274 2519 302 2570 et
316 2514 362 2572 in·
387 2509 531 2573 titerant:
541 2526 654 2574 vanum
667 2527 796 2583 nomen,
810 2528 907 2591 quum
923 2527 941 2572 a
957 2509 1099 2574 moribus
1112 2509 1178 2573 lam
1194 2507 1386 2576 excidissent
1397 2507 1443 2594 lt).
1455 2507 1512 2578 Sed

134 2593 213 2658 rna,
240 2587 277 2646 dc
302 2589 363 2664 ²⁶9⁶
386 2598 548 2663 universae
562 2598 793 2680 redemptionis
809 2603 933 2680 tempus
948 2599 1088 2664 nondum
1101 2599 1283 2664 advenerat.
1297 2598 1400 2664 Vetus
1417 2601 1513 2666 socic-

134 2665 364 2799 meinamma
385 2689 432 2752 tas
446 2692 515 2775 erat
531 2687 753 2763 exscindenda,
771 2692 806 2756 ut
822 2687 899 2752 haec
915 2706 1039 2770 quoque
1061 2687 1309 2754 inhumanitatis
1324 2687 1452 2754 vincula
1466 2688 1511 2754 di·

116 2855 122 2864 Ι
200 2791 201 2794 ’
269 2784 275 2796 ’
383 2775 577 2844 laberentur.
595 2775 687 2856 Quod
703 2777 808 2842 medio
829 2795 905 2842 aevo
922 2777 1143 2860 peragebatur,
1162 2794 1242 2843 nova
1256 2777 1409 2844 naenia
1425 2796 1512 2846 exur-

381 2868 489 2945 gente,
507 2865 625 2946 asperis
641 2866 768 2950 quidem
784 2866 938 2941 moribus,
955 2864 1009 2932 sed
1022 2865 1170 2934 ethnicae
1180 2865 1399 2949 sophistarum
1414 2869 1512 2934 cultu

381 2970 437 3018 rae
452 2954 686 3035 anteponenda.

478 3041 538 3108 IV.
556 3043 684 3110 interea
700 3061 776 3110 vcro
793 3048 918 3109 tantam
930 3043 1056 3110 romani
1070 3041 1163 3120 iuris,
1179 3043 1266 3127 quod
1280 3043 1329 3110 ius
1343 3051 1415 3114 erat
1439 3063 1510 3129 gen-

381 3129 477 3208 tium,
487 3131 742 3210 conversionem,
752 3133 867 3214 religio
879 3136 1095 3215 praestiterat.
1106 3132 1195 3214 Quae
1206 3151 1281 3217 pars
1290 3134 1387 3202 inerit
1399 3137 1513 3203 Roma-

380 3237 495 3286 uorum
510 3221 716 3299 Pontificum,
735 3241 785 3288 res
801 3222 869 3304 ipsa
886 3224 1041 3306 loquitur,
1054 3230 1088 3306 et
1104 3241 1144 3290 ex
1158 3225 1277 3305 Magno
1292 3223 1451 3307 Gregorio
1465 3221 1509 3288 di·

383 3308 512 3390 scimus,
521 3311 608 3376 euius
620 3312 697 3378 baec
710 3312 855 3378 miranda
867 3318 940 3377 sunt
952 3313 1087 3378 verbazc
1104 3311 1182 3378 (lum
1196 3313 1379 3396 redemptor
1389 3317 1507 3384 noster.

383 3398 637 3465 totiusconditor
645 3406 790 3478 naturae,
802 3400 840 3464 ad
849 3401 1107 3486 hocpropitiatus
1118 3400 1289 3467 humanam
1301 3402 1438 3469 voluerit
1446 3417 1509 3468 car-

385 3505 458 3552 nem
474 3506 644 3561 assumere,
654 3495 690 3558 ut
703 3491 882 3556 divinitatis
894 3508 968 3556 suae
983 3491 1087 3574 gratia
1099 3491 1242 3574 dirupto,
1251 3511 1315 3575 quo
1326 3492 1509 3557 tenebamur

384 3577 518 3657 captivi,
535 3578 662 3643 vinculo
676 3578 850 3655 servitutis,
863 3581 1021 3662 pristinae
1034 3599 1092 3646 nos
1103 3581 1288 3648 restitueret
1302 3580 1457 3646 libertati:
1466 3595 1511 3644 sa·

385 3663 519 3729 lubriter
530 3667 636 3748 agitur
650 3669 677 3732 si
693 3685 844 3735 nominos
859 3687 945 3746 Quos
960 3686 1006 3735 nn
1022 3686 1271 3737 turrianorum
1287 3687 1425 3736 xrnnnos
1439 3683 1510 3735 nno·

384 3769 496 3828 ruam,
514 3759 547 3820 et
561 3757 610 3820 ius
627 3755 816 3843 (arbitrium)
828 3758 971 3839 gentium
983 3759 1059 3841 iugo
1070 3758 1236 3825 substituit
1247 3758 1424 3832 servitutis,
1434 3757 1466 3822 in
1477 3771 1508 3818 ca

384 3857 453 3917 ona
469 3859 549 3910 rixi
560 3862 727 3921 runnnnr,
739 3847 997 3915 manumittentis
1008 3847 1369 3922 beneflcin,xrarnrnrn
1383 3846 1509 3912 reddan-

384 3936 449 3995 tur.
461 3934 566 4015 Atque
574 3933 647 3999 ideo
657 3952 960 4014 rrnrarrsrnrnrru,
971 3943 1004 4004 et
1016 3937 1109 4003 huius
1117 3937 1166 4002 rei
1177 3935 1433 4002 consideratione
1445 3949 1510 4018 per·

275 4058 280 4068 ·
384 4020 479 4122 moti,
498 4040 550 4088 vos
565 4023 608 4090 N.
627 4026 685 4102 N..
705 4024 841 4090 lamulos
856 4031 985 4092 sanctae
1001 4028 1162 4095 Romanae
1176 4026 1348 4102 Ecclesiae,
1366 4024 1432 4101 cui,
1449 4026 1508 4090 beo

151 4193 363 4266 aaa..
384 4109 1509 4289 tintinnirenudandae.ainamundi

138 4271 246 4344 Epist,
259 4269 304 4343 vi,
320 4273 363 4327 ¹²·
384 4290 461 4378 haec
472 4295 542 4370 erat
558 4292 830 4366 manumissionis,
848 4313 908 4375 qua
924 4295 1072 4361 utebatur
1084 4293 1246 4371 Pontifex,
1260 4294 1314 4378 qui
1331 4295 1421 4360 brevi
1432 4300 1509 4360 tem-

384 4379 468 4464 poris
484 4379 652 4444 intervallo
677 4399 694 4446 a
710 4382 889 4448 Iustiniana
905 4383 1046 4460 dissitus,
1064 4385 1271 4468 imperatoria
1290 4383 1358 4448 lere
1372 4381 1509 4448 utebatur

385 4467 588 4536 auctoritate:
607 4471 763 4553 cicerones
778 4490 929 4538 romanos
944 4475 1103 4557 efficimus.

474 4558 516 4624 V.
531 4559 643 4642 Populi
658 4561 692 4625 in
705 4561 863 4626 Ecclesiae
875 4563 1165 4646 patmciniumscse
1176 4559 1507 4647 reciperedidicerant
