<?xml version="1.0" encoding="UTF-8"?>
<!DOCTYPE html PUBLIC "-//W3C//DTD XHTML 1.0 Transitional//EN"
    "http://www.w3.org/TR/xhtml1/DTD/xhtml1-transitional.dtd">
<html xmlns="http://www.w3.org/1999/xhtml" xml:lang="en" lang="en">
 <head>
  <title>
</title>
<meta http-equiv="Content-Type" content="text/html;charset=utf-8" />
  <meta name='ocr-system' content='tesseract 3.04.00' />
  <meta name='ocr-capabilities' content='ocr_page ocr_carea ocr_par ocr_line ocrx_word'/>
</head>
<body>
  <div class='ocr_page' id='page_1' title='image "./iurisnaturaeetg01audigoog_0280.png"; bbox 0 0 3228 5280; ppageno 0'>
   <div class='ocr_carea' id='block_1_1' title="bbox 560 290 1183 362">
    <p class='ocr_par' dir='ltr' id='par_1_1' title="bbox 560 290 1183 362">
     <span class='ocr_line' id='line_1_1' title="bbox 560 290 1183 362; baseline 0.003 -7"><span class='ocrx_word' id='word_1_1' title='bbox 560 306 695 360; x_wconf 82' lang='lat' dir='ltr'>amasus</span> <span class='ocrx_word' id='word_1_2' title='bbox 710 307 769 362; x_wconf 89' lang='lat' dir='ltr'>vv</span> <span class='ocrx_word' id='word_1_3' title='bbox 1118 290 1183 359; x_wconf 74' lang='lat' dir='ltr'>aba</span> 
     </span>
    </p>
   </div>
   <div class='ocr_carea' id='block_1_2' title="bbox 37 417 1233 810">
    <p class='ocr_par' dir='ltr' id='par_1_2' title="bbox 37 417 1233 810">
     <span class='ocr_line' id='line_1_2' title="bbox 111 417 1229 578; baseline 0.004 -60"><span class='ocrx_word' id='word_1_4' title='bbox 111 454 183 538; x_wconf 87' lang='lat' dir='ltr'>ipsa</span> <span class='ocrx_word' id='word_1_5' title='bbox 198 451 360 524; x_wconf 76' lang='lat' dir='ltr'>vertatur?</span> <span class='ocrx_word' id='word_1_6' title='bbox 383 449 444 520; x_wconf 83' lang='lat' dir='ltr'>llic</span> <span class='ocrx_word' id='word_1_7' title='bbox 458 467 566 520; x_wconf 80' lang='lat' dir='ltr'>remur</span> <span class='ocrx_word' id='word_1_8' title='bbox 587 417 709 520; x_wconf 84' lang='lat' dir='ltr'>summa</span> <span class='ocrx_word' id='word_1_9' title='bbox 725 457 758 522; x_wconf 92' lang='lat' dir='ltr'>et</span> <span class='ocrx_word' id='word_1_10' title='bbox 773 451 885 529; x_wconf 87' lang='lat' dir='ltr'>nodus,</span> <span class='ocrx_word' id='word_1_11' title='bbox 909 453 1083 578; x_wconf 79' lang='lat' dir='ltr'>solvendas,</span> <span class='ocrx_word' id='word_1_12' title='bbox 1101 473 1165 522; x_wconf 88' lang='lat' dir='ltr'>uon</span> <span class='ocrx_word' id='word_1_13' title='bbox 1179 473 1229 521; x_wconf 89' lang='lat' dir='ltr'>se·</span> 
     </span>
     <span class='ocr_line' id='line_1_3' title="bbox 37 547 1089 700; baseline -0.005 0"><span class='ocrx_word' id='word_1_14' title='bbox 37 641 39 646; x_wconf 85' lang='lat'>&#39;</span> <span class='ocrx_word' id='word_1_15' title='bbox 110 547 289 700; x_wconf 67' lang='lat' dir='ltr'>canduislaec</span> <span class='ocrx_word' id='word_1_16' title='bbox 302 629 494 698; x_wconf 88' lang='lat' dir='ltr'>secernenda</span> <span class='ocrx_word' id='word_1_17' title='bbox 507 630 650 697; x_wconf 86' lang='lat' dir='ltr'>veniunt·</span> <span class='ocrx_word' id='word_1_18' title='bbox 1086 581 1089 591; x_wconf 27' lang='grc' dir='ltr'>Ι</span> 
     </span>
     <span class='ocr_line' id='line_1_4' title="bbox 202 659 1233 810; baseline -0.003 -21"><span class='ocrx_word' id='word_1_19' title='bbox 202 723 280 789; x_wconf 79' lang='lat' dir='ltr'>xli.</span> <span class='ocrx_word' id='word_1_20' title='bbox 299 721 331 786; x_wconf 93' lang='lat'>1.</span> <span class='ocrx_word' id='word_1_21' title='bbox 349 719 411 788; x_wconf 87' lang='lat' dir='ltr'>Ubi</span> <span class='ocrx_word' id='word_1_22' title='bbox 425 717 675 785; x_wconf 73' lang='lat' dir='ltr'><strong>fundamentalia</strong></span> <span class='ocrx_word' id='word_1_23' title='bbox 698 719 803 786; x_wconf 87' lang='lat' dir='ltr'>adsint</span> <span class='ocrx_word' id='word_1_24' title='bbox 818 721 909 804; x_wconf 78' lang='lat' dir='ltr'>regul</span> <span class='ocrx_word' id='word_1_25' title='bbox 923 665 1111 798; x_wconf 84' lang='lat' dir='ltr'>constituta,</span> <span class='ocrx_word' id='word_1_26' title='bbox 1130 659 1233 810; x_wconf 83' lang='lat' dir='ltr'>iisque</span> 
     </span>
    </p>
   </div>
   <div class='ocr_carea' id='block_1_3' title="bbox 88 807 1242 4619">
    <p class='ocr_par' dir='ltr' id='par_1_3' title="bbox 109 807 1240 2736">
     <span class='ocr_line' id='line_1_5' title="bbox 109 807 1234 912; baseline -0.004 -34"><span class='ocrx_word' id='word_1_27' title='bbox 109 808 375 878; x_wconf 89' lang='lat' dir='ltr'>conditionibus</span> <span class='ocrx_word' id='word_1_28' title='bbox 365 807 536 912; x_wconf 79' lang='lat' dir='ltr'>imperium</span> <span class='ocrx_word' id='word_1_29' title='bbox 548 809 689 874; x_wconf 89' lang='lat' dir='ltr'>delatum</span> <span class='ocrx_word' id='word_1_30' title='bbox 702 808 759 883; x_wconf 92' lang='lat' dir='ltr'>sit,</span> <span class='ocrx_word' id='word_1_31' title='bbox 776 808 818 872; x_wconf 89' lang='lat' dir='ltr'>iis</span> <span class='ocrx_word' id='word_1_32' title='bbox 833 814 958 875; x_wconf 88' lang='lat' dir='ltr'>tautum</span> <span class='ocrx_word' id='word_1_33' title='bbox 974 809 1130 876; x_wconf 91' lang='lat' dir='ltr'>limitibus</span> <span class='ocrx_word' id='word_1_34' title='bbox 1143 829 1234 876; x_wconf 84' lang='lat' dir='ltr'>exer</span> 
     </span>
     <span class='ocr_line' id='line_1_6' title="bbox 109 895 1234 980; baseline -0.004 -14"><span class='ocrx_word' id='word_1_35' title='bbox 109 900 260 975; x_wconf 87' lang='lat' dir='ltr'>cendum;</span> <span class='ocrx_word' id='word_1_36' title='bbox 273 899 329 965; x_wconf 89' lang='lat' dir='ltr'>illa</span> <span class='ocrx_word' id='word_1_37' title='bbox 340 895 536 978; x_wconf 77' lang='lat' dir='ltr'>effringens</span> <span class='ocrx_word' id='word_1_38' title='bbox 526 897 697 980; x_wconf 78' lang='lat' dir='ltr'>imperans,</span> <span class='ocrx_word' id='word_1_39' title='bbox 708 897 811 963; x_wconf 88' lang='lat' dir='ltr'>scieas</span> <span class='ocrx_word' id='word_1_40' title='bbox 822 915 859 962; x_wconf 91' lang='lat' dir='ltr'>ac</span> <span class='ocrx_word' id='word_1_41' title='bbox 873 899 1045 964; x_wconf 88' lang='lat' dir='ltr'>voleussuo</span> <span class='ocrx_word' id='word_1_42' title='bbox 1056 899 1196 966; x_wconf 82' lang='lat' dir='ltr'>excidit</span> <span class='ocrx_word' id='word_1_43' title='bbox 1186 917 1234 963; x_wconf 87' lang='lat' dir='ltr'>ru-</span> 
     </span>
     <span class='ocr_line' id='line_1_7' title="bbox 112 984 1232 1069; baseline -0.003 -15"><span class='ocrx_word' id='word_1_44' title='bbox 112 1006 163 1063; x_wconf 89' lang='lat' dir='ltr'>re,</span> <span class='ocrx_word' id='word_1_45' title='bbox 182 988 310 1054; x_wconf 90' lang='lat' dir='ltr'>titulum</span> <span class='ocrx_word' id='word_1_46' title='bbox 333 987 400 1069; x_wconf 89' lang='lat' dir='ltr'>ipse</span> <span class='ocrx_word' id='word_1_47' title='bbox 415 984 607 1060; x_wconf 83' lang='lat' dir='ltr'>rescindens,</span> <span class='ocrx_word' id='word_1_48' title='bbox 624 1003 687 1066; x_wconf 86' lang='lat' dir='ltr'>quo</span> <span class='ocrx_word' id='word_1_49' title='bbox 710 985 891 1068; x_wconf 90' lang='lat' dir='ltr'>imperandi</span> <span class='ocrx_word' id='word_1_50' title='bbox 913 985 983 1051; x_wconf 89' lang='lat' dir='ltr'>iarn</span> <span class='ocrx_word' id='word_1_51' title='bbox 997 987 1232 1053; x_wconf 89' lang='lat' dir='ltr'>deferebantur.</span> 
     </span>
     <span class='ocr_line' id='line_1_8' title="bbox 109 1073 1237 1160; baseline -0.001 -18"><span class='ocrx_word' id='word_1_52' title='bbox 109 1077 196 1142; x_wconf 87' lang='lat' dir='ltr'>Hinc</span> <span class='ocrx_word' id='word_1_53' title='bbox 204 1076 336 1160; x_wconf 91' lang='lat' dir='ltr'>populos</span> <span class='ocrx_word' id='word_1_54' title='bbox 348 1075 519 1140; x_wconf 86' lang='lat' dir='ltr'>novimusu</span> <span class='ocrx_word' id='word_1_55' title='bbox 530 1073 662 1139; x_wconf 89' lang='lat' dir='ltr'>summis</span> <span class='ocrx_word' id='word_1_56' title='bbox 669 1074 888 1150; x_wconf 83' lang='lat' dir='ltr'>Pontificibus,</span> <span class='ocrx_word' id='word_1_57' title='bbox 900 1074 933 1140; x_wconf 93' lang='lat' dir='ltr'>in</span> <span class='ocrx_word' id='word_1_58' title='bbox 943 1075 1137 1157; x_wconf 77' lang='lat' dir='ltr'>foedifragos</span> <span class='ocrx_word' id='word_1_59' title='bbox 1146 1076 1237 1159; x_wconf 91' lang='lat' dir='ltr'>priu-</span> 
     </span>
     <span class='ocr_line' id='line_1_9' title="bbox 110 1162 1236 1248; baseline 0 -18"><span class='ocrx_word' id='word_1_60' title='bbox 110 1166 211 1248; x_wconf 85' lang='lat' dir='ltr'>cipes,</span> <span class='ocrx_word' id='word_1_61' title='bbox 229 1163 435 1231; x_wconf 90' lang='lat' dir='ltr'>iurisiurandi</span> <span class='ocrx_word' id='word_1_62' title='bbox 447 1162 510 1229; x_wconf 89' lang='lat' dir='ltr'>lide</span> <span class='ocrx_word' id='word_1_63' title='bbox 523 1163 656 1229; x_wconf 87' lang='lat' dir='ltr'>solutos.</span> <span class='ocrx_word' id='word_1_64' title='bbox 667 1162 842 1246; x_wconf 87' lang='lat' dir='ltr'>Duplicide</span> <span class='ocrx_word' id='word_1_65' title='bbox 853 1181 958 1228; x_wconf 88' lang='lat' dir='ltr'>causa:</span> <span class='ocrx_word' id='word_1_66' title='bbox 970 1164 1170 1230; x_wconf 70' lang='lat' dir='ltr'>Lanarum</span> <span class='ocrx_word' id='word_1_67' title='bbox 1182 1181 1236 1229; x_wconf 89' lang='lat' dir='ltr'>ae·</span> 
     </span>
     <span class='ocr_line' id='line_1_10' title="bbox 110 1251 1233 1336; baseline 0.001 -19"><span class='ocrx_word' id='word_1_68' title='bbox 110 1254 297 1336; x_wconf 75' lang='lat' dir='ltr'>quitate32.</span> <span class='ocrx_word' id='word_1_69' title='bbox 312 1271 353 1319; x_wconf 84' lang='lat' dir='ltr'>ex</span> <span class='ocrx_word' id='word_1_70' title='bbox 366 1251 435 1317; x_wconf 90' lang='lat' dir='ltr'>iure</span> <span class='ocrx_word' id='word_1_71' title='bbox 451 1251 592 1332; x_wconf 90' lang='lat' dir='ltr'>publico,</span> <span class='ocrx_word' id='word_1_72' title='bbox 609 1252 799 1332; x_wconf 88' lang='lat' dir='ltr'>populorum</span> <span class='ocrx_word' id='word_1_73' title='bbox 810 1257 844 1319; x_wconf 88' lang='lat' dir='ltr'>at</span> <span class='ocrx_word' id='word_1_74' title='bbox 859 1251 1043 1334; x_wconf 83' lang='lat' dir='ltr'><strong>principum</strong></span> <span class='ocrx_word' id='word_1_75' title='bbox 1058 1254 1233 1328; x_wconf 88' lang='lat' dir='ltr'>voluntate,</span> 
     </span>
     <span class='ocr_line' id='line_1_11' title="bbox 111 1339 1236 1426; baseline 0 -19"><span class='ocrx_word' id='word_1_76' title='bbox 111 1343 195 1426; x_wconf 91' lang='lat' dir='ltr'>apud</span> <span class='ocrx_word' id='word_1_77' title='bbox 210 1341 383 1409; x_wconf 89' lang='lat' dir='ltr'>catholicos</span> <span class='ocrx_word' id='word_1_78' title='bbox 398 1339 570 1405; x_wconf 85' lang='lat' dir='ltr'>universim</span> <span class='ocrx_word' id='word_1_79' title='bbox 593 1339 780 1408; x_wconf 87' lang='lat' dir='ltr'>constituto.</span> <span class='ocrx_word' id='word_1_80' title='bbox 796 1341 979 1408; x_wconf 89' lang='lat' dir='ltr'>Beneficum</span> <span class='ocrx_word' id='word_1_81' title='bbox 1002 1340 1155 1416; x_wconf 90' lang='lat' dir='ltr'>tribunal,</span> <span class='ocrx_word' id='word_1_82' title='bbox 1172 1359 1236 1425; x_wconf 80' lang='lat' dir='ltr'>quo</span> 
     </span>
     <span class='ocr_line' id='line_1_12' title="bbox 111 1426 1237 1513; baseline -0.001 -17"><span class='ocrx_word' id='word_1_83' title='bbox 111 1430 222 1496; x_wconf 89' lang='lat' dir='ltr'>civilia</span> <span class='ocrx_word' id='word_1_84' title='bbox 235 1447 324 1496; x_wconf 90' lang='lat' dir='ltr'>arma</span> <span class='ocrx_word' id='word_1_85' title='bbox 339 1434 373 1496; x_wconf 89' lang='lat' dir='ltr'>et</span> <span class='ocrx_word' id='word_1_86' title='bbox 388 1426 470 1492; x_wconf 88' lang='lat' dir='ltr'>bella</span> <span class='ocrx_word' id='word_1_87' title='bbox 485 1428 724 1494; x_wconf 76' lang='lat' dir='ltr'>amovebanturs</span> <span class='ocrx_word' id='word_1_88' title='bbox 748 1447 813 1496; x_wconf 92' lang='lat' dir='ltr'>non</span> <span class='ocrx_word' id='word_1_89' title='bbox 830 1429 1010 1504; x_wconf 80' lang='lat' dir='ltr'>arbitrium,</span> <span class='ocrx_word' id='word_1_90' title='bbox 1027 1435 1064 1496; x_wconf 91' lang='lat' dir='ltr'>ut</span> <span class='ocrx_word' id='word_1_91' title='bbox 1078 1429 1237 1513; x_wconf 74' lang='lat' dir='ltr'>aliquibus</span> 
     </span>
     <span class='ocr_line' id='line_1_13' title="bbox 112 1515 1234 1600; baseline -0.003 -14"><span class='ocrx_word' id='word_1_92' title='bbox 112 1519 230 1592; x_wconf 90' lang='lat' dir='ltr'>visum,</span> <span class='ocrx_word' id='word_1_93' title='bbox 248 1524 281 1584; x_wconf 90' lang='lat' dir='ltr'>et</span> <span class='ocrx_word' id='word_1_94' title='bbox 300 1516 464 1598; x_wconf 90' lang='lat' dir='ltr'>usurpatio</span> <span class='ocrx_word' id='word_1_95' title='bbox 485 1515 689 1582; x_wconf 87' lang='lat' dir='ltr'>sacerdotalis</span> <span class='ocrx_word' id='word_1_96' title='bbox 703 1516 739 1581; x_wconf 90' lang='lat' dir='ltr'>iu</span> <span class='ocrx_word' id='word_1_97' title='bbox 753 1517 886 1600; x_wconf 91' lang='lat' dir='ltr'>populos</span> <span class='ocrx_word' id='word_1_98' title='bbox 908 1523 1004 1600; x_wconf 87' lang='lat' dir='ltr'>atque</span> <span class='ocrx_word' id='word_1_99' title='bbox 1026 1518 1234 1600; x_wconf 70' lang='lat' dir='ltr'>imperantes.</span> 
     </span>
     <span class='ocr_line' id='line_1_14' title="bbox 112 1605 1235 1690; baseline 0.002 -20"><span class='ocrx_word' id='word_1_100' title='bbox 112 1607 201 1688; x_wconf 86' lang='lat' dir='ltr'>Quid</span> <span class='ocrx_word' id='word_1_101' title='bbox 215 1606 349 1672; x_wconf 88' lang='lat' dir='ltr'>enimin</span> <span class='ocrx_word' id='word_1_102' title='bbox 363 1606 483 1671; x_wconf 90' lang='lat' dir='ltr'>ferreos</span> <span class='ocrx_word' id='word_1_103' title='bbox 498 1606 546 1670; x_wconf 91' lang='lat' dir='ltr'>vel</span> <span class='ocrx_word' id='word_1_104' title='bbox 561 1605 721 1680; x_wconf 87' lang='lat' dir='ltr'>barbams,</span> <span class='ocrx_word' id='word_1_105' title='bbox 730 1605 787 1687; x_wconf 84' lang='lat' dir='ltr'>qui</span> <span class='ocrx_word' id='word_1_106' title='bbox 798 1611 874 1672; x_wconf 89' lang='lat' dir='ltr'>tuuc</span> <span class='ocrx_word' id='word_1_107' title='bbox 885 1606 1017 1674; x_wconf 88' lang='lat' dir='ltr'>aderaut</span> <span class='ocrx_word' id='word_1_108' title='bbox 1027 1607 1235 1690; x_wconf 88' lang='lat' dir='ltr'>imperantes,</span> 
     </span>
     <span class='ocr_line' id='line_1_15' title="bbox 114 1693 1237 1776; baseline 0 -14"><span class='ocrx_word' id='word_1_109' title='bbox 114 1700 247 1776; x_wconf 89' lang='lat' dir='ltr'>usurpet</span> <span class='ocrx_word' id='word_1_110' title='bbox 257 1695 391 1760; x_wconf 89' lang='lat' dir='ltr'>inermis</span> <span class='ocrx_word' id='word_1_111' title='bbox 401 1693 560 1760; x_wconf 76' lang='lat' dir='ltr'>sacerdos?</span> <span class='ocrx_word' id='word_1_112' title='bbox 568 1693 761 1774; x_wconf 77' lang='lat' dir='ltr'>Legitimum</span> <span class='ocrx_word' id='word_1_113' title='bbox 771 1695 922 1770; x_wconf 88' lang='lat' dir='ltr'>tribunal,</span> <span class='ocrx_word' id='word_1_114' title='bbox 932 1695 1021 1761; x_wconf 90' lang='lat' dir='ltr'>cuius</span> <span class='ocrx_word' id='word_1_115' title='bbox 1032 1693 1191 1762; x_wconf 85' lang='lat' dir='ltr'>iustitiam</span> <span class='ocrx_word' id='word_1_116' title='bbox 1202 1702 1237 1762; x_wconf 90' lang='lat' dir='ltr'>et</span> 
     </span>
     <span class='ocr_line' id='line_1_16' title="bbox 111 1782 1239 1866; baseline 0 -16"><span class='ocrx_word' id='word_1_117' title='bbox 111 1783 318 1850; x_wconf 75' lang='lat' dir='ltr'>sanctitatem</span> <span class='ocrx_word' id='word_1_118' title='bbox 335 1787 469 1848; x_wconf 87' lang='lat' dir='ltr'>testatur</span> <span class='ocrx_word' id='word_1_119' title='bbox 483 1782 609 1854; x_wconf 87' lang='lat' dir='ltr'>illarurn</span> <span class='ocrx_word' id='word_1_120' title='bbox 625 1782 780 1863; x_wconf 86' lang='lat' dir='ltr'>potentia,</span> <span class='ocrx_word' id='word_1_121' title='bbox 798 1785 853 1866; x_wconf 87' lang='lat' dir='ltr'>qui</span> <span class='ocrx_word' id='word_1_122' title='bbox 869 1783 958 1849; x_wconf 91' lang='lat' dir='ltr'>ultro</span> <span class='ocrx_word' id='word_1_123' title='bbox 968 1784 1074 1852; x_wconf 89' lang='lat' dir='ltr'>eidem</span> <span class='ocrx_word' id='word_1_124' title='bbox 1089 1783 1239 1850; x_wconf 88' lang='lat' dir='ltr'>subiicie-</span> 
     </span>
     <span class='ocr_line' id='line_1_17' title="bbox 113 1870 1238 1954; baseline 0 -16"><span class='ocrx_word' id='word_1_125' title='bbox 113 1875 245 1938; x_wconf 90' lang='lat' dir='ltr'>bautur.</span> <span class='ocrx_word' id='word_1_126' title='bbox 263 1872 401 1938; x_wconf 86' lang='lat' dir='ltr'>Tabulae</span> <span class='ocrx_word' id='word_1_127' title='bbox 424 1871 570 1946; x_wconf 89' lang='lat' dir='ltr'>aderaut,</span> <span class='ocrx_word' id='word_1_128' title='bbox 587 1870 837 1938; x_wconf 82' lang='lat' dir='ltr'>fundamentalia</span> <span class='ocrx_word' id='word_1_129' title='bbox 852 1889 1024 1954; x_wconf 83' lang='lat' dir='ltr'>regnorum</span> <span class='ocrx_word' id='word_1_130' title='bbox 1046 1877 1180 1948; x_wconf 90' lang='lat' dir='ltr'>statuta,</span> <span class='ocrx_word' id='word_1_131' title='bbox 1197 1875 1238 1938; x_wconf 90' lang='lat' dir='ltr'>ad</span> 
     </span>
     <span class='ocr_line' id='line_1_18' title="bbox 115 1959 1239 2045; baseline 0.002 -19"><span class='ocrx_word' id='word_1_132' title='bbox 115 1981 198 2045; x_wconf 88' lang='lat' dir='ltr'>quae</span> <span class='ocrx_word' id='word_1_133' title='bbox 215 1961 254 2026; x_wconf 90' lang='lat' dir='ltr'>lis</span> <span class='ocrx_word' id='word_1_134' title='bbox 266 1967 335 2026; x_wconf 86' lang='lat' dir='ltr'>arat</span> <span class='ocrx_word' id='word_1_135' title='bbox 344 1959 537 2024; x_wconf 90' lang='lat' dir='ltr'>dirimenda.</span> <span class='ocrx_word' id='word_1_136' title='bbox 547 1960 669 2034; x_wconf 85' lang='lat' dir='ltr'>Partes,</span> <span class='ocrx_word' id='word_1_137' title='bbox 680 1976 773 2041; x_wconf 87' lang='lat' dir='ltr'>quae,</span> <span class='ocrx_word' id='word_1_138' title='bbox 787 1961 926 2027; x_wconf 84' lang='lat' dir='ltr'>efferatis</span> <span class='ocrx_word' id='word_1_139' title='bbox 935 1961 1144 2044; x_wconf 85' lang='lat' dir='ltr'>temporibus,</span> <span class='ocrx_word' id='word_1_140' title='bbox 1153 1963 1239 2028; x_wconf 91' lang='lat' dir='ltr'>miro</span> 
     </span>
     <span class='ocr_line' id='line_1_19' title="bbox 116 2047 1240 2133; baseline 0.002 -18"><span class='ocrx_word' id='word_1_141' title='bbox 116 2049 367 2116; x_wconf 90' lang='lat' dir='ltr'>mansuetudinis</span> <span class='ocrx_word' id='word_1_142' title='bbox 390 2053 484 2133; x_wconf 86' lang='lat' dir='ltr'>atque</span> <span class='ocrx_word' id='word_1_143' title='bbox 499 2047 708 2114; x_wconf 89' lang='lat' dir='ltr'>humanitatis</span> <span class='ocrx_word' id='word_1_144' title='bbox 729 2067 834 2128; x_wconf 88' lang='lat' dir='ltr'>seusu,</span> <span class='ocrx_word' id='word_1_145' title='bbox 853 2067 893 2114; x_wconf 94' lang='lat' dir='ltr'>ue</span> <span class='ocrx_word' id='word_1_146' title='bbox 906 2068 941 2115; x_wconf 90' lang='lat' dir='ltr'>se</span> <span class='ocrx_word' id='word_1_147' title='bbox 956 2051 1129 2116; x_wconf 89' lang='lat' dir='ltr'>belluarum</span> <span class='ocrx_word' id='word_1_148' title='bbox 1149 2068 1240 2117; x_wconf 87' lang='lat' dir='ltr'>more</span> 
     </span>
     <span class='ocr_line' id='line_1_20' title="bbox 116 2136 1240 2221; baseline -0.001 -16"><span class='ocrx_word' id='word_1_149' title='bbox 116 2144 333 2214; x_wconf 86' lang='lat' dir='ltr'>contererent,</span> <span class='ocrx_word' id='word_1_150' title='bbox 350 2155 509 2202; x_wconf 90' lang='lat' dir='ltr'>summum</span> <span class='ocrx_word' id='word_1_151' title='bbox 525 2136 715 2202; x_wconf 84' lang='lat' dir='ltr'>Pontificem</span> <span class='ocrx_word' id='word_1_152' title='bbox 730 2153 767 2202; x_wconf 89' lang='lat' dir='ltr'>ac</span> <span class='ocrx_word' id='word_1_153' title='bbox 780 2144 904 2221; x_wconf 91' lang='lat' dir='ltr'>patrem</span> <span class='ocrx_word' id='word_1_154' title='bbox 926 2138 988 2205; x_wconf 92' lang='lat' dir='ltr'>sibi</span> <span class='ocrx_word' id='word_1_155' title='bbox 1002 2138 1140 2214; x_wconf 87' lang='lat' dir='ltr'>iudicem</span> <span class='ocrx_word' id='word_1_156' title='bbox 1154 2139 1240 2205; x_wconf 89' lang='lat' dir='ltr'>dele·</span> 
     </span>
     <span class='ocr_line' id='line_1_21' title="bbox 115 2224 1240 2313; baseline -0.001 -20"><span class='ocrx_word' id='word_1_157' title='bbox 115 2233 242 2313; x_wconf 81' lang='lat' dir='ltr'>gerant.</span> <span class='ocrx_word' id='word_1_158' title='bbox 257 2228 392 2292; x_wconf 85' lang='lat' dir='ltr'>Demum</span> <span class='ocrx_word' id='word_1_159' title='bbox 404 2226 500 2292; x_wconf 86' lang='lat' dir='ltr'>iudex</span> <span class='ocrx_word' id='word_1_160' title='bbox 509 2226 592 2307; x_wconf 89' lang='lat' dir='ltr'>ipse,</span> <span class='ocrx_word' id='word_1_161' title='bbox 603 2224 638 2288; x_wconf 91' lang='lat' dir='ltr'>iu</span> <span class='ocrx_word' id='word_1_162' title='bbox 649 2244 724 2308; x_wconf 90' lang='lat' dir='ltr'>quo,</span> <span class='ocrx_word' id='word_1_163' title='bbox 737 2232 864 2308; x_wconf 89' lang='lat' dir='ltr'>praeter</span> <span class='ocrx_word' id='word_1_164' title='bbox 874 2226 982 2294; x_wconf 90' lang='lat' dir='ltr'>divina</span> <span class='ocrx_word' id='word_1_165' title='bbox 992 2227 1075 2303; x_wconf 89' lang='lat' dir='ltr'>iura,</span> <span class='ocrx_word' id='word_1_166' title='bbox 1088 2227 1240 2313; x_wconf 87' lang='lat' dir='ltr'>quidquid</span> 
     </span>
     <span class='ocr_line' id='line_1_22' title="bbox 117 2313 1240 2401; baseline 0.002 -21"><span class='ocrx_word' id='word_1_167' title='bbox 117 2317 276 2399; x_wconf 87' lang='lat' dir='ltr'>reliquum</span> <span class='ocrx_word' id='word_1_168' title='bbox 292 2316 396 2380; x_wconf 89' lang='lat' dir='ltr'>fuerat</span> <span class='ocrx_word' id='word_1_169' title='bbox 410 2314 598 2397; x_wconf 90' lang='lat' dir='ltr'>sapientiae,</span> <span class='ocrx_word' id='word_1_170' title='bbox 616 2313 782 2398; x_wconf 84' lang='lat' dir='ltr'>civilisque</span> <span class='ocrx_word' id='word_1_171' title='bbox 796 2315 953 2392; x_wconf 90' lang='lat' dir='ltr'>iustitiae,</span> <span class='ocrx_word' id='word_1_172' title='bbox 968 2334 1045 2401; x_wconf 90' lang='lat' dir='ltr'>prae</span> <span class='ocrx_word' id='word_1_173' title='bbox 1060 2317 1177 2383; x_wconf 85' lang='lat' dir='ltr'>ceteris</span> <span class='ocrx_word' id='word_1_174' title='bbox 1192 2318 1240 2382; x_wconf 90' lang='lat' dir='ltr'>ef·</span> 
     </span>
     <span class='ocr_line' id='line_1_23' title="bbox 116 2403 1240 2485; baseline -0.001 -14"><span class='ocrx_word' id='word_1_175' title='bbox 116 2405 269 2485; x_wconf 78' lang='lat' dir='ltr'>fulgebat.</span> <span class='ocrx_word' id='word_1_176' title='bbox 281 2403 1156 2485; x_wconf 85' lang='lat' dir='ltr'>Sublimetribuual‚quonationaliavelinteruationalia</span> <span class='ocrx_word' id='word_1_177' title='bbox 1168 2409 1240 2471; x_wconf 89' lang='lat' dir='ltr'>tan·</span> 
     </span>
     <span class='ocr_line' id='line_1_24' title="bbox 118 2490 1239 2578; baseline 0.001 -18"><span class='ocrx_word' id='word_1_178' title='bbox 118 2495 195 2560; x_wconf 91' lang='lat' dir='ltr'>dem</span> <span class='ocrx_word' id='word_1_179' title='bbox 208 2493 279 2559; x_wconf 89' lang='lat' dir='ltr'>iura</span> <span class='ocrx_word' id='word_1_180' title='bbox 293 2493 536 2558; x_wconf 85' lang='lat' dir='ltr'>definiebantur:</span> <span class='ocrx_word' id='word_1_181' title='bbox 545 2490 754 2575; x_wconf 89' lang='lat' dir='ltr'>principibus,</span> <span class='ocrx_word' id='word_1_182' title='bbox 762 2492 870 2575; x_wconf 91' lang='lat' dir='ltr'>potius</span> <span class='ocrx_word' id='word_1_183' title='bbox 881 2511 976 2576; x_wconf 84' lang='lat' dir='ltr'>quum</span> <span class='ocrx_word' id='word_1_184' title='bbox 987 2497 1175 2578; x_wconf 90' lang='lat' dir='ltr'>populorum</span> <span class='ocrx_word' id='word_1_185' title='bbox 1187 2513 1239 2561; x_wconf 88' lang='lat' dir='ltr'>re·</span> 
     </span>
     <span class='ocr_line' id='line_1_25' title="bbox 117 2580 1240 2734; baseline 0.002 -86"><span class='ocrx_word' id='word_1_186' title='bbox 117 2583 283 2734; x_wconf 61' lang='lat' dir='ltr'>hallinges,</span> <span class='ocrx_word' id='word_1_187' title='bbox 299 2581 425 2665; x_wconf 91' lang='lat' dir='ltr'>populis</span> <span class='ocrx_word' id='word_1_188' title='bbox 446 2584 566 2658; x_wconf 87' lang='lat' dir='ltr'>autem,</span> <span class='ocrx_word' id='word_1_189' title='bbox 583 2580 689 2664; x_wconf 88' lang='lat' dir='ltr'>potius</span> <span class='ocrx_word' id='word_1_190' title='bbox 708 2599 803 2666; x_wconf 88' lang='lat' dir='ltr'>quam</span> <span class='ocrx_word' id='word_1_191' title='bbox 817 2582 998 2667; x_wconf 90' lang='lat' dir='ltr'>principum</span> <span class='ocrx_word' id='word_1_192' title='bbox 1020 2584 1168 2659; x_wconf 85' lang='lat' dir='ltr'>arbitria,</span> <span class='ocrx_word' id='word_1_193' title='bbox 1184 2599 1240 2650; x_wconf 85' lang='lat' dir='ltr'>ex·</span> 
     </span>
     <span class='ocr_line' id='line_1_26' title="bbox 174 2688 351 2736; baseline -0.011 0"><span class='ocrx_word' id='word_1_194' title='bbox 174 2689 214 2736; x_wconf 90' lang='lat' dir='ltr'>ea</span> <span class='ocrx_word' id='word_1_195' title='bbox 238 2688 305 2736; x_wconf 94' lang='lat' dir='ltr'>um.</span> <span class='ocrx_word' id='word_1_196' title='bbox 349 2723 351 2726; x_wconf 95' lang='lat'>.</span> 
     </span>
    </p>

    <p class='ocr_par' dir='ltr' id='par_1_4' title="bbox 88 2676 1242 4259">
     <span class='ocr_line' id='line_1_27' title="bbox 117 2676 1241 2841; baseline -0.004 -14"><span class='ocrx_word' id='word_1_197' title='bbox 117 2676 174 2758; x_wconf 46' lang='lat' dir='ltr'>pet</span> <span class='ocrx_word' id='word_1_198' title='bbox 209 2760 302 2827; x_wconf 82' lang='lat' dir='ltr'>xlll.</span> <span class='ocrx_word' id='word_1_199' title='bbox 320 2760 356 2825; x_wconf 76' lang='lat'>2.</span> <span class='ocrx_word' id='word_1_200' title='bbox 373 2758 479 2840; x_wconf 83' lang='lat' dir='ltr'>Quum</span> <span class='ocrx_word' id='word_1_201' title='bbox 493 2762 582 2825; x_wconf 86' lang='lat' dir='ltr'>vetus</span> <span class='ocrx_word' id='word_1_202' title='bbox 596 2758 653 2824; x_wconf 93' lang='lat' dir='ltr'>illa</span> <span class='ocrx_word' id='word_1_203' title='bbox 666 2758 747 2825; x_wconf 90' lang='lat' dir='ltr'>iuris</span> <span class='ocrx_word' id='word_1_204' title='bbox 769 2757 889 2841; x_wconf 87' lang='lat' dir='ltr'>publici</span> <span class='ocrx_word' id='word_1_205' title='bbox 903 2759 1006 2826; x_wconf 85' lang='lat' dir='ltr'>forma</span> <span class='ocrx_word' id='word_1_206' title='bbox 1020 2760 1085 2826; x_wconf 87' lang='lat' dir='ltr'>iam</span> <span class='ocrx_word' id='word_1_207' title='bbox 1107 2777 1241 2827; x_wconf 87' lang='lat' dir='ltr'>evanue·</span> 
     </span>
     <span class='ocr_line' id='line_1_28' title="bbox 117 2847 1240 2931; baseline -0.004 -13"><span class='ocrx_word' id='word_1_208' title='bbox 117 2849 177 2922; x_wconf 91' lang='lat' dir='ltr'>rit,</span> <span class='ocrx_word' id='word_1_209' title='bbox 187 2849 237 2912; x_wconf 92' lang='lat' dir='ltr'>ius</span> <span class='ocrx_word' id='word_1_210' title='bbox 248 2853 354 2916; x_wconf 86' lang='lat' dir='ltr'>tamen</span> <span class='ocrx_word' id='word_1_211' title='bbox 366 2865 525 2914; x_wconf 91' lang='lat' dir='ltr'>summum</span> <span class='ocrx_word' id='word_1_212' title='bbox 536 2848 792 2915; x_wconf 88' lang='lat' dir='ltr'>constituendum</span> <span class='ocrx_word' id='word_1_213' title='bbox 803 2852 851 2914; x_wconf 90' lang='lat' dir='ltr'>est</span> <span class='ocrx_word' id='word_1_214' title='bbox 863 2848 897 2912; x_wconf 91' lang='lat' dir='ltr'>in</span> <span class='ocrx_word' id='word_1_215' title='bbox 908 2849 1052 2924; x_wconf 91' lang='lat' dir='ltr'>civitate,</span> <span class='ocrx_word' id='word_1_216' title='bbox 1061 2850 1146 2916; x_wconf 90' lang='lat' dir='ltr'>ultra</span> <span class='ocrx_word' id='word_1_217' title='bbox 1154 2847 1240 2931; x_wconf 85' lang='lat' dir='ltr'>quod</span> 
     </span>
     <span class='ocr_line' id='line_1_29' title="bbox 118 2936 1240 3019; baseline -0.003 -16"><span class='ocrx_word' id='word_1_218' title='bbox 118 2937 203 3004; x_wconf 89' lang='lat' dir='ltr'>nibil</span> <span class='ocrx_word' id='word_1_219' title='bbox 213 2938 256 3003; x_wconf 86' lang='lat' dir='ltr'>sit</span> <span class='ocrx_word' id='word_1_220' title='bbox 267 2937 418 3013; x_wconf 88' lang='lat' dir='ltr'>interris,</span> <span class='ocrx_word' id='word_1_221' title='bbox 427 2937 541 3019; x_wconf 90' lang='lat' dir='ltr'>cuique</span> <span class='ocrx_word' id='word_1_222' title='bbox 552 2937 661 3001; x_wconf 90' lang='lat' dir='ltr'>amaia</span> <span class='ocrx_word' id='word_1_223' title='bbox 673 2940 806 3018; x_wconf 87' lang='lat' dir='ltr'>pareant</span> <span class='ocrx_word' id='word_1_224' title='bbox 818 2953 855 3001; x_wconf 89' lang='lat' dir='ltr'>ac</span> <span class='ocrx_word' id='word_1_225' title='bbox 865 2936 1086 3013; x_wconf 87' lang='lat' dir='ltr'>subiiciuutur.</span> <span class='ocrx_word' id='word_1_226' title='bbox 1099 2937 1240 3006; x_wconf 83' lang='lat' dir='ltr'>Consen-</span> 
     </span>
     <span class='ocr_line' id='line_1_30' title="bbox 121 3023 1241 3110; baseline -0.004 -16"><span class='ocrx_word' id='word_1_227' title='bbox 121 3029 239 3094; x_wconf 87' lang='lat' dir='ltr'>tientes</span> <span class='ocrx_word' id='word_1_228' title='bbox 254 3025 404 3092; x_wconf 86' lang='lat' dir='ltr'>babemus</span> <span class='ocrx_word' id='word_1_229' title='bbox 419 3023 625 3100; x_wconf 86' lang='lat' dir='ltr'>adversarios,</span> <span class='ocrx_word' id='word_1_230' title='bbox 643 3025 698 3110; x_wconf 88' lang='lat' dir='ltr'>qui</span> <span class='ocrx_word' id='word_1_231' title='bbox 713 3024 914 3090; x_wconf 82' lang='lat' dir='ltr'>formidabile</span> <span class='ocrx_word' id='word_1_232' title='bbox 936 3026 1015 3090; x_wconf 87' lang='lat' dir='ltr'>adeo</span> <span class='ocrx_word' id='word_1_233' title='bbox 1030 3027 1080 3091; x_wconf 90' lang='lat' dir='ltr'>ius</span> <span class='ocrx_word' id='word_1_234' title='bbox 1095 3024 1241 3092; x_wconf 91' lang='lat' dir='ltr'>multitu-</span> 
     </span>
     <span class='ocr_line' id='line_1_31' title="bbox 119 3113 1241 3197; baseline -0.004 -15"><span class='ocrx_word' id='word_1_235' title='bbox 119 3115 192 3182; x_wconf 92' lang='lat' dir='ltr'>dini</span> <span class='ocrx_word' id='word_1_236' title='bbox 207 3113 421 3182; x_wconf 89' lang='lat' dir='ltr'>conscribuut.</span> <span class='ocrx_word' id='word_1_237' title='bbox 431 3115 498 3181; x_wconf 83' lang='lat' dir='ltr'>Nos</span> <span class='ocrx_word' id='word_1_238' title='bbox 509 3113 557 3178; x_wconf 90' lang='lat' dir='ltr'>rai</span> <span class='ocrx_word' id='word_1_239' title='bbox 568 3113 870 3195; x_wconf 88' lang='lat' dir='ltr'>impossibilitatem,</span> <span class='ocrx_word' id='word_1_240' title='bbox 883 3113 1036 3197; x_wconf 86' lang='lat' dir='ltr'>pericula,</span> <span class='ocrx_word' id='word_1_241' title='bbox 1051 3113 1180 3180; x_wconf 85' lang='lat' dir='ltr'>effrenis</span> <span class='ocrx_word' id='word_1_242' title='bbox 1191 3113 1241 3179; x_wconf 92' lang='lat' dir='ltr'>vel</span> 
     </span>
     <span class='ocr_line' id='line_1_32' title="bbox 119 3201 1240 3286; baseline -0.003 -16"><span class='ocrx_word' id='word_1_243' title='bbox 119 3204 273 3286; x_wconf 89' lang='lat' dir='ltr'>deceptae</span> <span class='ocrx_word' id='word_1_244' title='bbox 279 3201 494 3268; x_wconf 87' lang='lat' dir='ltr'>multitudinis</span> <span class='ocrx_word' id='word_1_245' title='bbox 505 3206 597 3268; x_wconf 84' lang='lat' dir='ltr'>atrox</span> <span class='ocrx_word' id='word_1_246' title='bbox 603 3201 775 3283; x_wconf 87' lang='lat' dir='ltr'>imperium</span> <span class='ocrx_word' id='word_1_247' title='bbox 783 3201 1073 3266; x_wconf 89' lang='lat' dir='ltr'>animadvertimus.</span> <span class='ocrx_word' id='word_1_248' title='bbox 1086 3201 1240 3271; x_wconf 82' lang='lat' dir='ltr'>Universa</span> 
     </span>
     <span class='ocr_line' id='line_1_33' title="bbox 121 3288 1241 3371; baseline -0.002 -13"><span class='ocrx_word' id='word_1_249' title='bbox 121 3295 223 3360; x_wconf 89' lang='lat' dir='ltr'>etiam</span> <span class='ocrx_word' id='word_1_250' title='bbox 240 3290 410 3358; x_wconf 89' lang='lat' dir='ltr'>multitudo</span> <span class='ocrx_word' id='word_1_251' title='bbox 424 3289 465 3366; x_wconf 93' lang='lat' dir='ltr'>si,</span> <span class='ocrx_word' id='word_1_252' title='bbox 482 3293 611 3357; x_wconf 85' lang='lat' dir='ltr'>vacuata</span> <span class='ocrx_word' id='word_1_253' title='bbox 632 3288 782 3371; x_wconf 88' lang='lat' dir='ltr'>imperio,</span> <span class='ocrx_word' id='word_1_254' title='bbox 800 3288 961 3370; x_wconf 80' lang='lat' dir='ltr'>deligendi</span> <span class='ocrx_word' id='word_1_255' title='bbox 974 3290 1037 3355; x_wconf 88' lang='lat' dir='ltr'>sibi</span> <span class='ocrx_word' id='word_1_256' title='bbox 1051 3289 1187 3357; x_wconf 90' lang='lat' dir='ltr'>rectoris</span> <span class='ocrx_word' id='word_1_257' title='bbox 1201 3291 1241 3356; x_wconf 92' lang='lat' dir='ltr'>li-</span> 
     </span>
     <span class='ocr_line' id='line_1_34' title="bbox 122 3377 1240 3462; baseline -0.002 -16"><span class='ocrx_word' id='word_1_258' title='bbox 122 3382 200 3447; x_wconf 89' lang='lat' dir='ltr'>bera</span> <span class='ocrx_word' id='word_1_259' title='bbox 214 3380 316 3446; x_wconf 88' lang='lat' dir='ltr'>utitur</span> <span class='ocrx_word' id='word_1_260' title='bbox 329 3383 499 3461; x_wconf 62' lang='lat' dir='ltr'>potestate</span> <span class='ocrx_word' id='word_1_261' title='bbox 513 3397 579 3444; x_wconf 92' lang='lat' dir='ltr'>non</span> <span class='ocrx_word' id='word_1_262' title='bbox 595 3380 703 3443; x_wconf 87' lang='lat' dir='ltr'>tamea</span> <span class='ocrx_word' id='word_1_263' title='bbox 717 3377 891 3445; x_wconf 88' lang='lat' dir='ltr'>constituto</span> <span class='ocrx_word' id='word_1_264' title='bbox 907 3378 973 3444; x_wconf 90' lang='lat' dir='ltr'>iam</span> <span class='ocrx_word' id='word_1_265' title='bbox 988 3377 1139 3462; x_wconf 90' lang='lat' dir='ltr'>imperio,</span> <span class='ocrx_word' id='word_1_266' title='bbox 1154 3396 1240 3444; x_wconf 89' lang='lat' dir='ltr'>sum·</span> 
     </span>
     <span class='ocr_line' id='line_1_35' title="bbox 125 3465 1239 3551; baseline -0.001 -16"><span class='ocrx_word' id='word_1_267' title='bbox 125 3489 179 3535; x_wconf 94' lang='lat' dir='ltr'>mo</span> <span class='ocrx_word' id='word_1_268' title='bbox 196 3469 263 3551; x_wconf 91' lang='lat' dir='ltr'>ipsa</span> <span class='ocrx_word' id='word_1_269' title='bbox 278 3468 402 3551; x_wconf 89' lang='lat' dir='ltr'>potitur</span> <span class='ocrx_word' id='word_1_270' title='bbox 416 3468 486 3533; x_wconf 91' lang='lat' dir='ltr'>iure</span> <span class='ocrx_word' id='word_1_271' title='bbox 501 3468 555 3534; x_wconf 93' lang='lat' dir='ltr'>sed</span> <span class='ocrx_word' id='word_1_272' title='bbox 578 3465 749 3549; x_wconf 90' lang='lat' dir='ltr'>imperans·</span> <span class='ocrx_word' id='word_1_273' title='bbox 766 3483 855 3531; x_wconf 89' lang='lat' dir='ltr'>secus</span> <span class='ocrx_word' id='word_1_274' title='bbox 868 3466 955 3532; x_wconf 89' lang='lat' dir='ltr'>euim</span> <span class='ocrx_word' id='word_1_275' title='bbox 968 3468 1143 3535; x_wconf 88' lang='lat' dir='ltr'>constituta</span> <span class='ocrx_word' id='word_1_276' title='bbox 1158 3475 1239 3534; x_wconf 89' lang='lat' dir='ltr'>esset</span> 
     </span>
     <span class='ocr_line' id='line_1_36' title="bbox 121 3549 1238 3637; baseline -0.004 -13"><span class='ocrx_word' id='word_1_277' title='bbox 121 3549 250 3633; x_wconf 83' lang='lat' dir='ltr'>civitas,</span> <span class='ocrx_word' id='word_1_278' title='bbox 264 3563 300 3623; x_wconf 88' lang='lat' dir='ltr'>et</span> <span class='ocrx_word' id='word_1_279' title='bbox 312 3575 377 3623; x_wconf 92' lang='lat' dir='ltr'>non</span> <span class='ocrx_word' id='word_1_280' title='bbox 392 3556 579 3632; x_wconf 90' lang='lat' dir='ltr'>constituta,</span> <span class='ocrx_word' id='word_1_281' title='bbox 589 3559 671 3621; x_wconf 88' lang='lat' dir='ltr'>esset</span> <span class='ocrx_word' id='word_1_282' title='bbox 686 3555 834 3637; x_wconf 89' lang='lat' dir='ltr'>princeps</span> <span class='ocrx_word' id='word_1_283' title='bbox 844 3558 878 3620; x_wconf 90' lang='lat' dir='ltr'>et</span> <span class='ocrx_word' id='word_1_284' title='bbox 895 3574 955 3623; x_wconf 87' lang='lat' dir='ltr'>uua</span> <span class='ocrx_word' id='word_1_285' title='bbox 971 3561 1065 3634; x_wconf 86' lang='lat' dir='ltr'>esset,</span> <span class='ocrx_word' id='word_1_286' title='bbox 1079 3573 1238 3621; x_wconf 92' lang='lat' dir='ltr'>summum</span> 
     </span>
     <span class='ocr_line' id='line_1_37' title="bbox 123 3644 1239 3750; baseline -0.002 -38"><span class='ocrx_word' id='word_1_287' title='bbox 123 3647 279 3750; x_wconf 90' lang='lat' dir='ltr'>principis</span> <span class='ocrx_word' id='word_1_288' title='bbox 301 3645 407 3710; x_wconf 90' lang='lat' dir='ltr'>esset</span> <span class='ocrx_word' id='word_1_289' title='bbox 397 3663 459 3719; x_wconf 88' lang='lat' dir='ltr'>rus,</span> <span class='ocrx_word' id='word_1_290' title='bbox 475 3650 510 3713; x_wconf 93' lang='lat' dir='ltr'>et</span> <span class='ocrx_word' id='word_1_291' title='bbox 524 3663 589 3711; x_wconf 93' lang='lat' dir='ltr'>nou</span> <span class='ocrx_word' id='word_1_292' title='bbox 604 3647 698 3709; x_wconf 83' lang='lat' dir='ltr'>esset.</span> <span class='ocrx_word' id='word_1_293' title='bbox 716 3644 826 3748; x_wconf 82' lang='lat' dir='ltr'>Quum</span> <span class='ocrx_word' id='word_1_294' title='bbox 845 3660 923 3725; x_wconf 77' lang='lat' dir='ltr'>ergo</span> <span class='ocrx_word' id='word_1_295' title='bbox 939 3646 1136 3719; x_wconf 85' lang='lat' dir='ltr'>accessesit,</span> <span class='ocrx_word' id='word_1_296' title='bbox 1153 3663 1239 3710; x_wconf 90' lang='lat' dir='ltr'>sum·</span> 
     </span>
     <span class='ocr_line' id='line_1_38' title="bbox 123 3731 1237 3809; baseline -0.004 -7"><span class='ocrx_word' id='word_1_297' title='bbox 123 3755 214 3802; x_wconf 89' lang='lat' dir='ltr'>mum</span> <span class='ocrx_word' id='word_1_298' title='bbox 229 3734 367 3800; x_wconf 90' lang='lat' dir='ltr'>inveniri</span> <span class='ocrx_word' id='word_1_299' title='bbox 382 3733 432 3799; x_wconf 92' lang='lat' dir='ltr'>ius</span> <span class='ocrx_word' id='word_1_300' title='bbox 446 3733 481 3798; x_wconf 92' lang='lat' dir='ltr'>ib</span> <span class='ocrx_word' id='word_1_301' title='bbox 496 3733 639 3808; x_wconf 88' lang='lat' dir='ltr'>civitate,</span> <span class='ocrx_word' id='word_1_302' title='bbox 657 3731 719 3797; x_wconf 90' lang='lat' dir='ltr'>boc</span> <span class='ocrx_word' id='word_1_303' title='bbox 734 3751 799 3798; x_wconf 86' lang='lat' dir='ltr'>nou</span> <span class='ocrx_word' id='word_1_304' title='bbox 815 3731 850 3796; x_wconf 91' lang='lat' dir='ltr'>in</span> <span class='ocrx_word' id='word_1_305' title='bbox 866 3731 1071 3799; x_wconf 89' lang='lat' dir='ltr'>multitudiue</span> <span class='ocrx_word' id='word_1_306' title='bbox 1086 3738 1237 3809; x_wconf 85' lang='lat' dir='ltr'>versatur,</span> 
     </span>
     <span class='ocr_line' id='line_1_39' title="bbox 124 3821 1240 3907; baseline -0.003 -17"><span class='ocrx_word' id='word_1_307' title='bbox 124 3821 313 3907; x_wconf 90' lang='lat' dir='ltr'>tamquam</span> <span class='ocrx_word' id='word_1_308' title='bbox 303 3841 337 3886; x_wconf 94' lang='grc' dir='ltr'>ιιι</span> <span class='ocrx_word' id='word_1_309' title='bbox 351 3822 456 3888; x_wconf 91' lang='lat' dir='ltr'>activo</span> <span class='ocrx_word' id='word_1_310' title='bbox 471 3829 505 3890; x_wconf 89' lang='lat' dir='ltr'>et</span> <span class='ocrx_word' id='word_1_311' title='bbox 519 3826 669 3888; x_wconf 90' lang='lat' dir='ltr'>concreto</span> <span class='ocrx_word' id='word_1_312' title='bbox 689 3821 844 3898; x_wconf 86' lang='lat' dir='ltr'>subiecto,</span> <span class='ocrx_word' id='word_1_313' title='bbox 868 3821 954 3885; x_wconf 89' lang='lat' dir='ltr'>sed</span> <span class='ocrx_word' id='word_1_314' title='bbox 943 3840 987 3886; x_wconf 86' lang='grc' dir='ltr'>ιιι</span> <span class='ocrx_word' id='word_1_315' title='bbox 993 3822 1185 3905; x_wconf 88' lang='lat' dir='ltr'>imperante.</span> <span class='ocrx_word' id='word_1_316' title='bbox 1203 3823 1240 3889; x_wconf 86' lang='lat' dir='ltr'>si</span> 
     </span>
     <span class='ocr_line' id='line_1_40' title="bbox 124 3908 1239 3994; baseline -0.003 -15"><span class='ocrx_word' id='word_1_317' title='bbox 124 3931 284 3979; x_wconf 90' lang='lat' dir='ltr'>summum</span> <span class='ocrx_word' id='word_1_318' title='bbox 299 3915 359 3986; x_wconf 85' lang='lat' dir='ltr'>est,</span> <span class='ocrx_word' id='word_1_319' title='bbox 376 3928 452 3993; x_wconf 76' lang='lat' dir='ltr'>ergo</span> <span class='ocrx_word' id='word_1_320' title='bbox 468 3929 533 3977; x_wconf 90' lang='lat' dir='ltr'>uon</span> <span class='ocrx_word' id='word_1_321' title='bbox 548 3910 646 3977; x_wconf 89' lang='lat' dir='ltr'>babet</span> <span class='ocrx_word' id='word_1_322' title='bbox 659 3927 729 3994; x_wconf 88' lang='lat' dir='ltr'>par;</span> <span class='ocrx_word' id='word_1_323' title='bbox 747 3926 824 3991; x_wconf 77' lang='lat' dir='ltr'>ergo</span> <span class='ocrx_word' id='word_1_324' title='bbox 846 3908 1017 3976; x_wconf 86' lang='lat' dir='ltr'>multitudo</span> <span class='ocrx_word' id='word_1_325' title='bbox 1033 3916 1156 3994; x_wconf 87' lang='lat' dir='ltr'>pareat,</span> <span class='ocrx_word' id='word_1_326' title='bbox 1174 3931 1239 3976; x_wconf 91' lang='lat' dir='ltr'>uon</span> 
     </span>
     <span class='ocr_line' id='line_1_41' title="bbox 124 3998 1240 4084; baseline -0.002 -18"><span class='ocrx_word' id='word_1_327' title='bbox 124 4002 277 4084; x_wconf 86' lang='lat' dir='ltr'>imperet.</span> <span class='ocrx_word' id='word_1_328' title='bbox 293 4001 378 4066; x_wconf 84' lang='lat' dir='ltr'>Hace</span> <span class='ocrx_word' id='word_1_329' title='bbox 393 3999 501 4082; x_wconf 83' lang='lat' dir='ltr'>regula</span> <span class='ocrx_word' id='word_1_330' title='bbox 515 3999 684 4083; x_wconf 76' lang='lat' dir='ltr'>generalis,</span> <span class='ocrx_word' id='word_1_331' title='bbox 709 3998 779 4063; x_wconf 88' lang='lat' dir='ltr'>sine</span> <span class='ocrx_word' id='word_1_332' title='bbox 794 4015 855 4081; x_wconf 85' lang='lat' dir='ltr'>qua</span> <span class='ocrx_word' id='word_1_333' title='bbox 880 4016 938 4064; x_wconf 88' lang='lat' dir='ltr'>uec</span> <span class='ocrx_word' id='word_1_334' title='bbox 951 3998 1023 4066; x_wconf 93' lang='lat' dir='ltr'>idea</span> <span class='ocrx_word' id='word_1_335' title='bbox 1047 4019 1105 4066; x_wconf 92' lang='lat' dir='ltr'>uec</span> <span class='ocrx_word' id='word_1_336' title='bbox 1120 4001 1240 4066; x_wconf 89' lang='lat' dir='ltr'>factum</span> 
     </span>
     <span class='ocr_line' id='line_1_42' title="bbox 88 4086 1242 4164; baseline -0.003 -8"><span class='ocrx_word' id='word_1_337' title='bbox 88 4111 90 4116; x_wconf 57' lang='lat'><strong><em>¹</em></strong></span> <span class='ocrx_word' id='word_1_338' title='bbox 124 4091 274 4158; x_wconf 90' lang='lat' dir='ltr'>subsistet</span> <span class='ocrx_word' id='word_1_339' title='bbox 288 4088 437 4155; x_wconf 86' lang='lat' dir='ltr'>civitatis:</span> <span class='ocrx_word' id='word_1_340' title='bbox 455 4108 519 4156; x_wconf 92' lang='lat' dir='ltr'>uon</span> <span class='ocrx_word' id='word_1_341' title='bbox 534 4088 624 4154; x_wconf 91' lang='lat' dir='ltr'>illam</span> <span class='ocrx_word' id='word_1_342' title='bbox 640 4106 698 4153; x_wconf 92' lang='lat' dir='ltr'>uos</span> <span class='ocrx_word' id='word_1_343' title='bbox 715 4086 928 4162; x_wconf 88' lang='lat' dir='ltr'>condidimus,</span> <span class='ocrx_word' id='word_1_344' title='bbox 945 4088 1000 4152; x_wconf 90' lang='lat' dir='ltr'>sed</span> <span class='ocrx_word' id='word_1_345' title='bbox 1014 4105 1033 4152; x_wconf 91' lang='lat' dir='ltr'>a</span> <span class='ocrx_word' id='word_1_346' title='bbox 1048 4094 1161 4164; x_wconf 83' lang='lat' dir='ltr'>natura</span> <span class='ocrx_word' id='word_1_347' title='bbox 1176 4093 1242 4154; x_wconf 89' lang='lat' dir='ltr'>tra·</span> 
     </span>
     <span class='ocr_line' id='line_1_43' title="bbox 124 4179 523 4259; baseline -0.015 -13"><span class='ocrx_word' id='word_1_348' title='bbox 124 4179 227 4246; x_wconf 73' lang='lat' dir='ltr'>dimm</span> <span class='ocrx_word' id='word_1_349' title='bbox 241 4179 466 4259; x_wconf 85' lang='lat' dir='ltr'>expressimus.</span> <span class='ocrx_word' id='word_1_350' title='bbox 517 4241 523 4252; x_wconf 84' lang='grc'>,</span> 
     </span>
    </p>

    <p class='ocr_par' dir='ltr' id='par_1_5' title="bbox 125 4263 1242 4619">
     <span class='ocr_line' id='line_1_44' title="bbox 215 4263 1238 4349; baseline -0.003 -14"><span class='ocrx_word' id='word_1_351' title='bbox 215 4267 307 4335; x_wconf 82' lang='lat' dir='ltr'>xlv.</span> <span class='ocrx_word' id='word_1_352' title='bbox 316 4263 349 4331; x_wconf 82' lang='lat'>3.</span> <span class='ocrx_word' id='word_1_353' title='bbox 362 4265 397 4334; x_wconf 89' lang='lat' dir='ltr'>Si</span> <span class='ocrx_word' id='word_1_354' title='bbox 411 4265 515 4349; x_wconf 89' lang='lat' dir='ltr'>prima</span> <span class='ocrx_word' id='word_1_355' title='bbox 529 4264 660 4348; x_wconf 89' lang='lat' dir='ltr'>imperii</span> <span class='ocrx_word' id='word_1_356' title='bbox 670 4263 813 4332; x_wconf 89' lang='lat' dir='ltr'>conditio</span> <span class='ocrx_word' id='word_1_357' title='bbox 825 4263 881 4330; x_wconf 90' lang='lat' dir='ltr'>illa</span> <span class='ocrx_word' id='word_1_358' title='bbox 892 4268 953 4340; x_wconf 91' lang='lat' dir='ltr'>est,</span> <span class='ocrx_word' id='word_1_359' title='bbox 967 4268 1003 4331; x_wconf 89' lang='lat' dir='ltr'>ut</span> <span class='ocrx_word' id='word_1_360' title='bbox 1014 4281 1171 4331; x_wconf 89' lang='lat' dir='ltr'>summum</span> <span class='ocrx_word' id='word_1_361' title='bbox 1183 4265 1238 4342; x_wconf 88' lang='lat' dir='ltr'>sit,</span> 
     </span>
     <span class='ocr_line' id='line_1_45' title="bbox 125 4353 1242 4440; baseline -0.004 -17"><span class='ocrx_word' id='word_1_362' title='bbox 125 4357 284 4440; x_wconf 86' lang='lat' dir='ltr'>simulque</span> <span class='ocrx_word' id='word_1_363' title='bbox 299 4373 364 4422; x_wconf 91' lang='lat' dir='ltr'>uon</span> <span class='ocrx_word' id='word_1_364' title='bbox 379 4357 584 4432; x_wconf 89' lang='lat' dir='ltr'>abstractum,</span> <span class='ocrx_word' id='word_1_365' title='bbox 601 4373 664 4422; x_wconf 90' lang='lat' dir='ltr'>aon</span> <span class='ocrx_word' id='word_1_366' title='bbox 676 4354 825 4420; x_wconf 82' lang='lat' dir='ltr'>diffusum</span> <span class='ocrx_word' id='word_1_367' title='bbox 839 4354 875 4418; x_wconf 92' lang='lat' dir='ltr'>iu</span> <span class='ocrx_word' id='word_1_368' title='bbox 890 4353 1106 4429; x_wconf 86' lang='lat' dir='ltr'>multitudiue,</span> <span class='ocrx_word' id='word_1_369' title='bbox 1119 4354 1172 4419; x_wconf 89' lang='lat' dir='ltr'>sed</span> <span class='ocrx_word' id='word_1_370' title='bbox 1187 4355 1242 4419; x_wconf 92' lang='lat' dir='ltr'>de·</span> 
     </span>
     <span class='ocr_line' id='line_1_46' title="bbox 125 4441 1239 4525; baseline -0.004 -13"><span class='ocrx_word' id='word_1_371' title='bbox 125 4446 336 4513; x_wconf 89' lang='lat' dir='ltr'>terminatum</span> <span class='ocrx_word' id='word_1_372' title='bbox 346 4449 381 4510; x_wconf 87' lang='lat' dir='ltr'>et</span> <span class='ocrx_word' id='word_1_373' title='bbox 391 4450 575 4512; x_wconf 90' lang='lat' dir='ltr'>concretum</span> <span class='ocrx_word' id='word_1_374' title='bbox 585 4444 620 4510; x_wconf 92' lang='lat' dir='ltr'>iu</span> <span class='ocrx_word' id='word_1_375' title='bbox 636 4444 799 4510; x_wconf 92' lang='lat' dir='ltr'>individuo</span> <span class='ocrx_word' id='word_1_376' title='bbox 812 4442 860 4509; x_wconf 91' lang='lat' dir='ltr'>vel</span> <span class='ocrx_word' id='word_1_377' title='bbox 876 4441 1057 4525; x_wconf 61' lang='lat' dir='ltr'>individuis</span> <span class='ocrx_word' id='word_1_378' title='bbox 1068 4444 1166 4507; x_wconf 88' lang='lat' dir='ltr'>altera</span> <span class='ocrx_word' id='word_1_379' title='bbox 1178 4446 1239 4521; x_wconf 85' lang='lat' dir='ltr'>est,</span> 
     </span>
     <span class='ocr_line' id='line_1_47' title="bbox 125 4530 1242 4619; baseline -0.003 -18"><span class='ocrx_word' id='word_1_380' title='bbox 125 4541 162 4606; x_wconf 91' lang='lat' dir='ltr'>ut</span> <span class='ocrx_word' id='word_1_381' title='bbox 175 4555 241 4602; x_wconf 89' lang='lat' dir='ltr'>nou</span> <span class='ocrx_word' id='word_1_382' title='bbox 256 4535 423 4611; x_wconf 89' lang='lat' dir='ltr'>fluctuans,</span> <span class='ocrx_word' id='word_1_383' title='bbox 432 4532 487 4601; x_wconf 90' lang='lat' dir='ltr'>sed</span> <span class='ocrx_word' id='word_1_384' title='bbox 499 4535 597 4602; x_wconf 86' lang='lat' dir='ltr'>lixum</span> <span class='ocrx_word' id='word_1_385' title='bbox 611 4540 645 4600; x_wconf 88' lang='lat' dir='ltr'>et</span> <span class='ocrx_word' id='word_1_386' title='bbox 659 4550 862 4619; x_wconf 84' lang='lat' dir='ltr'>perseverans</span> <span class='ocrx_word' id='word_1_387' title='bbox 875 4530 1194 4602; x_wconf 87' lang='lat' dir='ltr'>habeatur.N0bilius</span> <span class='ocrx_word' id='word_1_388' title='bbox 1209 4548 1242 4598; x_wconf 88' lang='lat' dir='ltr'>e·</span> 
     </span>
    </p>
   </div>
   <div class='ocr_carea' id='block_1_4' title="bbox 0 0 1633 5280">
    <p class='ocr_par' dir='ltr' id='par_1_6' title="bbox 0 0 1633 5280">
     <span class='ocr_line' id='line_1_48' title="bbox 0 0 1633 5280; baseline 0 0"><span class='ocrx_word' id='word_1_389' title='bbox 0 0 1633 5280; x_wconf 95' lang='lat' dir='ltr'> </span> 
     </span>
    </p>
   </div>
  </div>
 </body>
</html>
