3224 5282
365 234 369 244 ’
431 259 495 328 118
864 283 1010 336 ussurv.

385 431 435 498 sio
450 431 498 494 est
513 429 644 512 [ostrum
671 430 853 514 Proprietas
871 431 959 497 enim
981 451 1046 498 non
1061 431 1096 497 lo
1111 431 1371 499 abstractionibus
1394 453 1502 502 versa-¹

387 527 451 594 tur,
476 520 530 584 sed
551 520 702 586 exteriori
726 521 1001 604 actucompletur.
1026 525 1125 588 actus
1140 522 1313 588 exteriores
1328 526 1500 604 possessio-

388 626 462 675 nem
486 608 694 680 constituunt:
716 610 750 675 hi
769 615 874 676 autem
889 609 1094 693 proprietatis
1113 611 1182 675 iure
1200 610 1385 679 fulciuntur.
1405 613 1501 680 Utra-

387 717 449 781 que
464 697 574 780 igitur,
597 699 774 781 proprietas
789 699 940 764 nimirum
961 701 995 762 et
1009 698 1171 782 possessio,
1193 716 1212 764 a
1227 707 1340 766 natura
1355 703 1501 784 proiecta

387 792 473 854 sunt.
492 787 550 874 llel
566 787 690 862 saltem,
709 790 864 870 quomodo
880 787 1055 872 proprietas
1069 805 1150 872 quae
1165 789 1251 871 leges-
1263 792 1443 870 antecessit,
1460 811 1502 858 ex

388 877 509 958 legibus
523 879 594 940 orta
610 876 663 951 sit,
674 878 846 943 edisserent
862 877 953 942 uobis
967 875 1217 954 Communistaei
1228 877 1377 959 Origines
1392 886 1503 946 autem

390 967 498 1031 muudi
513 966 553 1029 ab
566 962 661 1030 initio
677 968 862 1040 recolentes,
878 983 1035 1050 nunquam
1051 973 1176 1050 pactum
1190 968 1414 1048 conspicimus,
1431 971 1504 1034 ubi-

388 1073 450 1138 que
461 1072 535 1121 vero
547 1053 664 1124 lactum
677 1053 880 1140 proprietatis
895 1071 913 1118 a
930 1063 1042 1121 natura
1055 1056 1242 1137 proiectum.
1253 1057 1312 1123 Sed
1323 1056 1435 1121 demus
1446 1077 1503 1140 pa-

389 1148 488 1210 ctum.
509 1144 624 1211 Nonne
638 1150 729 1226 pocta
744 1144 894 1210 servanda
909 1150 994 1221 suut,
1018 1161 1117 1228 eaque
1132 1147 1320 1227 praesertim
1334 1146 1452 1227 quibus
1466 1167 1503 1213 u-

389 1233 512 1300 niversa
525 1231 591 1296 iam
605 1232 738 1298 societas
748 1232 920 1299 innititur?

478 1323 538 1388 lx.
552 1322 603 1386 sd
613 1322 647 1387 2.
660 1355 706 1370 --
715 1324 874 1404 Negamus
888 1340 926 1387 ea
940 1324 1005 1388 sola
1020 1323 1055 1388 in
1071 1319 1248 1402 dominium
1263 1320 1372 1389 venire
1387 1343 1469 1406 quae
1483 1342 1503 1391 a

389 1410 482 1476 nobis
497 1410 620 1478 moulan
643 1416 676 1476 et
690 1412 788 1477 veluti
809 1416 915 1477 creata
928 1413 1005 1480 sint.
1029 1413 1202 1496 Sylvestres
1216 1413 1335 1477 iterum
1353 1411 1504 1480 homines

390 1501 605 1582 inspiciamus,
616 1500 671 1582 qui
682 1500 815 1566 docente
823 1502 993 1577 llousseau,
1004 1501 1102 1583 pluris
1112 1501 1216 1567 vabnt
1224 1518 1317 1584 quam
1330 1503 1507 1570 nasllum-

289 1651 291 1656 .
390 1590 465 1674 quid
481 1591 528 1656 illi
544 1593 730 1656 creaverunt
745 1595 799 1655 aut
813 1591 925 1654 saltem
939 1591 1142 1656 excoluerunt
1157 1607 1240 1665 aves,
1257 1590 1370 1673 pisces,
1389 1608 1504 1672 pascua

390 1684 424 1745 et
438 1680 572 1756 tructus,
586 1695 664 1764 quae
678 1680 764 1745 ultro
779 1678 872 1744 tellus
887 1683 920 1744 et
934 1681 1061 1746 arbores
1076 1679 1198 1745 temutl
1216 1683 1369 1746 Attamen
1386 1680 1454 1746 illis
1469 1699 1507 1746 ea

390 1769 505 1835 cedunt
521 1769 589 1833 iure
606 1768 740 1833 naturali
755 1772 788 1833 et
801 1767 984 1844 universali,
994 1821 995 1828 ,
1007 1768 1134 1832 nemine
1149 1768 1353 1835 reclamante.
1372 1767 1439 1835 Cur
1453 1788 1507 1836 ve-

390 1857 444 1920 rol
460 1857 542 1936 Quia
557 1873 636 1940 quae
652 1856 768 1921 nullius
782 1861 869 1931 sunt,
884 1857 1103 1941 occupatione,
1117 1855 1312 1932 inventione,
1326 1863 1382 1924 aut
1398 1858 1507 1923 labore

391 1952 500 2012 nostra
514 1945 608 2011 liunt.
631 1945 764 2012 Pulchre
779 1949 886 2010 autem
901 1945 1034 2028 agrestis
1053 1945 1108 2010 illa
1123 1943 1309 2028 simplicitas
1323 1948 1507 2029 propriata·

269 2055 270 2058 ¹
391 2037 456 2100 tem
473 2032 661 2116 acquireret,
672 2051 751 2119 quae
765 2025 931 2100 bounnum
946 2034 1076 2117 ingenio
1091 2051 1128 2099 ac
1138 2033 1286 2100 solertiae
1300 2036 1445 2117 neganda
1456 2053 1506 2100 es·

392 2121 452 2189 setl
472 2122 605 2188 Pulchre
626 2128 659 2188 et
674 2123 824 2204 perbelle,
845 2123 872 2188 si
887 2128 1052 2208 propterea
1068 2123 1152 2205 quod
1168 2139 1226 2188 nec
1241 2123 1325 2198 lana,
1351 2141 1411 2190 uec
1427 2123 1504 2200 tela,

392 2230 451 2278 nec
466 2228 605 2278 marmor
619 2216 724 2276 creata
739 2217 825 2287 sunt,
840 2230 897 2278 nec
913 2214 1002 2278 lanae
1016 2211 1189 2296 opificium,
1205 2229 1262 2276 uec
1277 2211 1432 2296 picturae,
1448 2231 1507 2279 neo

391 2307 512 2368 statuae
523 2300 698 2384 proprietas
709 2301 743 2366 in
751 2300 880 2368 artificis
887 2300 1063 2366 dominium
1074 2297 1208 2367 veniretl
1222 2299 1341 2382 Quodsi
1352 2319 1505 2379 marmor,

391 2407 448 2457 cur
463 2409 526 2456 non
542 2395 589 2455 est
603 2391 707 2466 tellus,
718 2396 868 2473 occupata
883 2390 1035 2473 primum,
1047 2389 1119 2456 dein
1134 2395 1182 2456 tot
1195 2388 1354 2471 inpendiis
1369 2406 1406 2455 ac
1418 2391 1507 2456 labo-

389 2480 477 2546 ribus
491 2478 629 2546 monita?
643 2480 738 2557 Nam,
756 2497 815 2545 nec
827 2498 900 2546 raro
915 2479 1021 2545 evenit
1041 2483 1077 2544 ut
1092 2496 1171 2560 opus
1185 2478 1352 2560 cgrimlae.
1373 2485 1507 2545 naturae

390 2585 467 2654 opus
482 2568 668 2634 aemuletur:
685 2567 735 2633 uti
748 2568 932 2634 solitudines
947 2567 1084 2652 ingredi,
1102 2573 1221 2634 terram
1236 2568 1390 2644 scindere,
1403 2569 1507 2652 sylvas

388 2665 541 2733 evertere,
559 2656 676 2722 belluas
690 2657 849 2740 expellere
864 2657 912 2722 vel
927 2657 1068 2729 domare.
1080 2661 1191 2738 stagna
1206 2657 1374 2731 exsiccare,
1390 2657 1459 2722 loca
1473 2663 1507 2724 et

388 2765 494 2814 aerem
510 2762 696 2829 expurgare,
713 2747 841 2812 arbores
855 2764 1031 2820 conserere,
1045 2746 1154 2811 domm
1169 2745 1346 2822 aedificare3
1356 2765 1421 2810 uno
1436 2764 1507 2812 ver·

386 2837 441 2913 bo,
451 2834 610 2906 creatoris
626 2851 706 2916 opus
720 2835 884 2916 perticere.
896 2835 957 2901 Sed
972 2835 1042 2918 quis
1052 2838 1102 2900 tot
1114 2835 1234 2900 labores
1248 2851 1411 2919 perpessus
1427 2835 1505 2900 luis·

387 2931 448 3004 set,
467 2925 528 2992 nisi
543 2924 780 3006 occupationem
799 2925 1006 2990 comitaretur
1019 2924 1210 3008 proprietas?
1221 2923 1269 2990 Eo
1284 2922 1333 2990 vel
1353 2925 1503 2999 maxime,

386 3018 472 3098 quod
493 3033 556 3082 non
572 3014 665 3080 unius
678 3014 732 3078 sed
748 3012 887 3095 plurium
903 3014 1089 3095 quandoque
1107 3017 1247 3094 aetatum
1263 3013 1385 3078 labores
1400 3013 1507 3096 requi-

387 3113 512 3172 rantur.
529 3104 761 3186 Proprtetatem
776 3102 907 3185 expelle:
924 3102 1039 3186 ubique
1054 3119 1137 3168 nunc
1159 3102 1274 3166 nocens
1289 3119 1326 3168 ac
1340 3100 1505 3170 iroctilera

389 3198 494 3272 tellus,
504 3194 590 3260 brevi
605 3193 644 3257 ad
655 3192 831 3257 silvestrem
843 3196 960 3257 statum
974 3195 1196 3258 reverteretur.
1207 3191 1307 3274 Atqui
1319 3209 1384 3256 nan
1402 3193 1443 3256 ad
1453 3193 1507 3258 sil·

280 3365 284 3370 Ι
389 3302 442 3350 vas
456 3285 601 3352 conditus
616 3286 664 3346 est
679 3282 789 3346 homo.
815 3282 901 3362 Ergo
917 3285 1048 3345 naturae
1063 3299 1136 3356 vox,
1161 3280 1235 3344 linis
1249 3285 1283 3346 et
1297 3280 1423 3362 publica
1438 3299 1507 3346 om·

390 3375 478 3440 nium
486 3373 621 3448 utilitas,
631 3370 862 3452 proprietatem
870 3369 1070 3445 confirmant
1078 3385 1267 3451 omnemque
1274 3369 1506 3435 dubitationem

390 3463 526 3528 removit
542 3478 639 3543 genus
653 3459 837 3534 humanum,
853 3458 1026 3523 bonoribus
1041 3459 1108 3524 iere
1122 3459 1238 3524 divinis
1253 3475 1365 3522 eorum
1383 3476 1506 3524 memo·

390 3550 474 3615 riam
490 3552 673 3632 prosecutus
688 3547 743 3630 qui
757 3548 866 3631 primi,
882 3547 989 3616 labore
1004 3565 1041 3613 ae
1054 3547 1197 3614 dominio
1212 3547 1424 3629 singulorum,
1443 3555 1506 3614 ter·

391 3656 461 3704 ram
476 3638 620 3720 subigere
635 3636 828 3703 docuissent.-

436 3771 438 3778 r
480 3729 524 3792 x.
543 3727 594 3792 sd
608 3723 641 3791 3.
651 3725 739 3792 -Si
756 3724 1173 3792 valerettlommunisterum
1184 3717 1246 3801 lex,
1261 3724 1460 3808 praecipiens
1471 3729 1506 3790 ut

391 3816 551 3898 quaelibet
561 3814 724 3896 generatio
735 3819 854 3880 terram
866 3833 960 3898 quam
971 3815 1116 3880 dominio
1128 3832 1256 3880 vacuam
1267 3815 1444 3896 occupavit,
1454 3831 1505 3880 va·

388 3921 481 3970 cuam
493 3903 663 3988 relinquat:
672 3904 843 3970 successuri
855 3909 972 3969 terram
984 3923 1024 3970 ne
1035 3904 1193 3970 excultam
1204 3921 1240 3969 ac
1252 3903 1451 3984 imgiiemm,
1466 3921 1505 3967 an

392 3995 458 4059 tere
474 3994 623 4057 incultam
639 3994 832 4077 reciperent?
852 3992 931 4072 Quis
946 3995 1032 4060 enim
1047 3993 1165 4074 ignotis
1179 3993 1407 4058 successoribus
1416 3993 1506 4064 adla-

391 4082 531 4147 borabit‘t
539 4081 657 4146 Contra
673 4100 758 4157 vcro,
769 4082 968 4149 lmctiieram
982 4089 1015 4170 et
1030 4082 1161 4148 divitem
1176 4082 1344 4164 accipiunt,
1360 4082 1507 4164 proprie·

391 4176 457 4239 tate
480 4171 665 4236 constituta.
688 4170 776 4250 Quae
800 4176 905 4236 autem
924 4171 1078 4255 praeterit
1096 4172 1270 4253 generatio,
1285 4188 1399 4236 noune
1415 4170 1507 4235 adve-

392 4261 494 4326 nienti
510 4260 619 4324 omnia
633 4275 687 4323 sua
702 4259 869 4340 relinquit?
877 4260 974 4326 Varia
986 4260 1132 4344 equidem
1149 4260 1336 4342 partitione,
1346 4275 1428 4343 quae
1440 4259 1508 4324 ine·

393 4348 549 4414 luctabilis
564 4352 611 4413 est
624 4347 799 4430 praesentis
813 4350 897 4414 vitae
910 4350 1062 4425 conditio;
1085 4349 1139 4414 sed
1156 4367 1261 4415 noune
1277 4356 1405 4432 patrum
1422 4349 1508 4414 labo-

393 4457 443 4504 res
458 4443 551 4522 atque
565 4437 739 4502 industriae
753 4434 830 4502 filiis
843 4439 1007 4505 accedunt?
1019 4439 1146 4515 Nonne,
1156 4444 1246 4505 aucta
1262 4443 1367 4505 terrae
1382 4437 1509 4504 uberta-

393 4532 561 4605 teomnes
575 4527 615 4593 de
627 4527 682 4593 illa
697 4525 904 4611 participanti
915 4527 1015 4596 Grata
1031 4528 1130 4613 igitur
1144 4529 1252 4596 animo
1267 4545 1509 4614 eosprosequn-
