3238 5282
591 306 725 360 rrruuus
739 311 775 360 x.
1127 285 1190 354 tea

114 453 319 521 immanitate
334 453 477 537 direptae
492 454 771 532 essenteocleslae,
792 459 825 522 et
841 452 1009 537 religiosae
1024 451 1134 519 domus
1149 451 1236 518 dele·

117 550 181 617 tae,
199 561 352 627 pauperes
368 544 424 625 qui
440 562 548 628 earum
564 562 645 626 panc
661 549 695 611 ct
711 545 840 627 pietate·
855 544 1079 611 nutriebantur
1103 543 1178 628 nudi
1198 561 1235 608 ac

116 633 271 706 famelici,
282 633 403 715 plateas
416 633 502 696 urbis
514 634 735 718 impleverant:
745 634 937 718 deinde,pro
949 650 1042 715 pane,
1057 631 1154 713 virgis
1165 649 1235 696 cae-

113 722 285 795 debantur,
303 723 351 785 vel
367 739 477 786 earum
493 723 644 786 domuum
658 723 761 787 ruinis
777 723 903 799 inclusi,
927 722 982 787 ubi
998 725 1091 786 antea
1106 721 1236 802 religio-

115 830 223 892 sorum
240 811 377 874 charitas
399 829 454 875 eos
471 811 604 877 fovebat·
619 829 655 876 ac
669 812 840 887 solabatur,
866 812 949 876 lame
966 816 1000 894 et
1014 809 1119 874 inedia
1135 810 1235 875 conti-

115 900 292 965 ciebantur.
303 900 391 963 Bona
406 899 527 965 scilieet
542 900 751 982 ecclesiastica
767 918 847 983 quae
862 919 919 965 rex
930 903 1145 980 usurpaverat,
1156 917 1235 982 opu-

116 989 367 1054 lentissimorum
382 988 501 1053 divitiis
518 990 604 1053 nullo
617 991 664 1054 vel
678 990 828 1054 vilissimo
840 991 947 1071 pretio
962 994 1169 1062 accesserant,
1185 988 1236 1053 in-

115 1079 218 1158 deque
234 1078 389 1140 bonorum
404 1069 629 1160 inaequalitate
642 1079 780 1144 maxime
792 1083 894 1153 aucta,
906 1075 1062 1161 duplexiu
1071 1078 1236 1158 regnabo-

117 1166 240 1231 minum
256 1165 361 1231 classis
376 1167 496 1230 extitit:
515 1168 760 1248 opulentissimi,
781 1173 814 1233 et
829 1168 932 1250 pauci;
951 1167 1146 1247 pauperrimi
1159 1185 1234 1231 vero

118 1260 152 1320 et
160 1255 305 1338 plurimi,
319 1254 852 1338 quibusquodolimeratcharitatis
864 1257 1042 1340 perfugium
1055 1256 1236 1340 ademptum

119 1344 237 1409 luerat.
556 1347 560 1352 '
887 1341 893 1348 ’

212 1431 286 1500 XV.
304 1433 388 1513 Lege
403 1431 576 1498 Davanrati
592 1452 732 1515 pressam
748 1439 780 1500 et
795 1433 1043 1521 efficacissimam
1058 1432 1237 1498 schismatis

116 1521 280 1603 ¹anglicani
297 1521 524 1596 narrationem
537 1521 662 1588 Gobetti
672 1523 829 1605 Epistulas
845 1525 884 1587 dc
896 1523 1148 1597 Reformatione;
1164 1539 1239 1586 nee·
1341 1579 1351 1596 ,

123 1629 187 1674 nnn
196 1611 377 1690 spelmanni
386 1611 561 1675 Historiam
574 1612 825 1694 sacrilegiorum.
837 1614 1016 1693 Numquam
1029 1611 1130 1675 ierius
1141 1627 1236 1692 quam

120 1701 155 1762 in
168 1700 371 1764 ecclesiarum
386 1700 631 1780 direptionibus,
647 1702 700 1767 illa
716 1701 821 1783 patuit
838 1705 969 1766 naturae
983 1701 1045 1764 lex:
1060 1699 1146 1764 Mota
1160 1717 1238 1780 pur-
1285 1713 1291 1725 ’

122 1796 168 1862 tu,
186 1789 268 1852 mete
283 1788 466 1852 ditabuntur
478 1788 531 1872 (a).

150 1936 152 1940 .
189 1871 279 1943 XVI.
300 1876 334 1942 Si
351 1878 410 1941 boc
426 1878 475 1942 ius
486 1878 691 1954 Ecclesiae,si
703 1879 780 1944 haec
792 1879 874 1943 mala
887 1879 919 1943 in
933 1877 1110 1960 direptores
1121 1877 1238 1942 iacula-

121 1972 176 2031 tur
183 1966 307 2031 Numen
320 1965 487 2039 offensum,
497 1985 574 2048 ergo
587 1969 671 2032 bona
680 1969 735 2032 illa
749 1970 832 2035 tueri
845 1973 1008 2050 pastorum
1024 1972 1071 2031 est
1083 1967 1234 2032 officium.

121 2053 191 2133 Qua
204 2053 238 2119 in
249 2071 296 2128 re,
308 2071 335 2118 s.
346 2055 508 2119 Ambrosii
524 2058 637 2137 agendi
652 2058 812 2124 rationem
824 2073 861 2122 eo
873 2053 1023 2121 libentius
1035 2055 1234 2137 exponimus,

122 2143 206 2226 quod
223 2142 407 2224 magnificos
426 2144 572 2210 babuerit
587 2146 777 2211 imitatores.
804 2148 915 2230 ltaque
929 2163 1001 2210 cum
1017 2143 1238 2208 Valentiniani

121 2231 464 2312 imperatorisnomine
477 2233 516 2297 ab
528 2252 566 2297 eo
576 2241 737 2317 peteretur
748 2236 888 2300 basilica:
898 2255 916 2296 «
927 2233 1099 2316 Respondi,
1114 2234 1233 2316 inquit,

121 2319 206 2404 quod
221 2325 290 2385 erat
305 2320 438 2385 ordinis:
456 2323 612 2404 templum
629 2324 688 2388 llci
703 2343 720 2388 a
735 2325 897 2390 sacerdote
918 2323 1002 2388 tradi
1019 2339 1082 2387 non
1100 2339 1234 2402 posse...

122 2409 337 2475 Conveniora
356 2411 526 2476 comitibus
549 2418 582 2477 et
602 2413 737 2478 tribunis
757 2413 932 2478 dicentibus
949 2413 1171 2493 imperatorem
1188 2410 1237 2473 iu·

123 2515 160 2563 re
175 2515 232 2562 suo
248 2498 309 2575 uti,
329 2518 364 2561 eo
379 2500 463 2579 qued
476 2503 512 2564 ie
523 2509 672 2579 potestate
688 2504 867 2572 eius-esseut
882 2503 1002 2565 omniu.
1018 2499 1192 2580 Respondi,
1211 2499 1238 2571 si

122 2603 208 2650 ame
224 2589 447 2669 peteretqnod
462 2607 570 2652 mcum
586 2596 678 2666 esset,
696 2592 778 2655 idest
794 2590 924 2654 lundum
939 2607 1057 2662 meum,
1074 2592 1239 2669 argentum

123 2675 373 2757 mcum;quidvis
382 2677 560 2745 huiusmodi
570 2697 675 2744 meum
684 2679 775 2765 (bona
784 2671 1108 2761 patrimonialia),me
1118 2695 1181 2740 non
1191 2694 1242 2749 re-
1345 2721 1353 2734 .

125 2764 332 2846 negaturum,
342 2781 531 2847 quamquam
545 2769 652 2832 omnia
667 2786 747 2851 quae
765 2767 828 2832 mei
839 2770 1037 2842 sunt,essent
1055 2782 1239 2849 pauperumz

123 2869 233 2917 verum
248 2871 285 2916 ea
300 2871 380 2935 quae
395 2859 469 2918 sunt
484 2855 590 2920 divine
607 2855 725 2942 (omniu
737 2857 803 2921 Deo
818 2853 930 2940 dicatu)
945 2855 1170 2938 imperatoriae
1183 2871 1242 2936 po-

123 2943 232 3006 testati
245 2959 309 3005 non
321 2960 387 3006 esse
398 2942 550 3009 subiecta.
566 2944 600 3011 Si
613 2946 844 3028 patrimonium
855 2944 980 3028 (meum,
991 2963 1058 3008 noe
1070 2939 1239 3026 Ecclesiae)

124 3031 258 3111 petitur,
270 3032 420 3096 invadite:
434 3031 461 3094 sl
476 3050 601 3116 corpus,
615 3053 790 3099 occurram.
807 3034 913 3098 Vultis
926 3035 959 3098 in
974 3033 1098 3097 vincula
1113 3031 1241 3113 raperet

123 3121 220 3184 vultis
236 3120 269 3183 in
286 3122 439 3186 mortem?
447 3121 613 3204 Voluptati
630 3123 710 3188 milri
727 3124 869 3190 est.N0n
881 3139 939 3204 ego
954 3122 1092 3187 vallabor
1106 3121 1242 3184 circnm-

122 3207 250 3274 iusioue
264 3208 463 3290 populorum,
479 3229 537 3274 nec
552 3213 664 3277 altaria
681 3212 795 3277 tenebo
810 3212 909 3276 vitam
925 3210 1104 3283 obsecrans,
1118 3209 1172 3273 sed
1184 3227 1243 3289 pro

124 3296 277 3372 altaribus
291 3299 411 3378 gratius
426 3299 660 3365 immolabor...
675 3301 846 3368 Mandatur
860 3298 1008 3380 denique:
1028 3298 1117 3362 trade
1134 3296 1243 3361 basili·

124 3403 208 3450 cam.
230 3388 431 3467 Respondent
456 3389 523 3455 Nec
539 3388 620 3452 milri
637 3389 683 3454 las
699 3394 748 3455 est
763 3390 899 3464 tradere;
925 3405 983 3452 nec
998 3385 1060 3451 tibi
1083 3386 1239 3468 accipere,

124 3473 312 3557 imperator,
330 3477 469 3559 expedit.
491 3476 629 3542 Domum
644 3477 762 3560 privati
778 3478 865 3542 nullo
883 3482 972 3559 potes
987 3477 1058 3540 iure
1073 3479 1245 3549 temeraret

123 3562 254 3628 domum
272 3563 330 3628 bei
347 3565 510 3630 existimas
526 3566 745 3631 auferendam?
764 3567 931 3647 Allegatur
951 3565 1136 3645 imperatori
1151 3565 1244 3628 licere

124 3653 234 3716 omnin
249 3653 349 3732 ipsius
365 3671 428 3719 esse
444 3655 607 3722 uniuersa.
627 3654 829 3736 Respondent
848 3654 924 3722 Noli
941 3659 972 3719 te
987 3671 1130 3736 gravare,
1142 3653 1245 3734 impe-

125 3745 225 3824 rator,
240 3746 275 3806 ut
286 3746 377 3823 putes
389 3748 422 3807 te
435 3742 469 3806 in
482 3760 518 3806 ea
531 3761 611 3824 quae
626 3744 734 3808 divina
749 3749 822 3808 sunt
836 3743 1057 3827 (quoecumque
1068 3740 1171 3826 sume)
1182 3741 1245 3806 im-

123 3829 246 3910 periale
260 3830 389 3914 aliquod
405 3831 454 3895 ius
469 3831 597 3897 habere.
616 3833 692 3900 Noli
715 3836 748 3897 te
763 3833 927 3908 extollere,
952 3831 1048 3897 eadsi
1064 3831 1112 3896 ais
1125 3832 1245 3897 diutius

202 4012 243 4086 tel
257 4013 410 4088 sacrilegae
426 4007 510 4074 lanius
523 4015 683 4088 direptionis
695 4017 864 4075 consectaria
879 4015 1028 4090 generatim
1042 4015 1245 4089 perstringebat

123 4090 162 4146 lle
176 4090 328 4163 Rastignac:
348 4095 372 4147 1.
393 4090 671 4150 ab’antantlssiment
687 4110 722 4150 ou
737 4091 982 4150 l'allaiblisscment
1000 4091 1158 4162 deplorable
1171 4091 1206 4149 tle
1219 4093 1245 4150 la

124 4165 250 4239 religion3
265 4169 294 4222 2.
305 4165 340 4223 de
353 4168 455 4238 grands
471 4166 628 4238 preludices
641 4185 710 4239 pour
723 4168 750 4226 la
763 4174 855 4240 verto,
870 4168 911 4225 lea
924 4182 1038 4238 meurs,
1055 4166 1094 4225 les
1108 4169 1243 4241 solonem,

125 4240 166 4298 lea
180 4240 379 4298 belles-lettres
399 4249 427 4300 et
440 4243 480 4300 les
493 4247 566 4316 arts3'
579 4247 606 4300 3.
627 4243 813 4301 l’incertitude
826 4243 896 4302 dans
909 4249 1001 4300 tontes
1021 4243 1061 4299 les
1077 4240 1239 4315 proprietate

123 4319 152 4372 4.
166 4315 190 4372 la
200 4315 358 4378 diminution
369 4316 402 4373 de
415 4317 441 4374 la
452 4319 589 4384 cantianae
603 4319 657 4378 due
670 4335 722 4376 aux
736 4319 847 4377 decreta
860 4320 895 4378 de
908 4316 1083 4376 l’Assemble'e
1097 4317 1241 4385 nationale

125 4396 152 4447 5.
167 4391 217 4447 des
234 4392 372 4448 malheurs
386 4391 457 4450 adela
472 4393 595 4465 pour'les
609 4385 765 4469 provinces,
782 4411 834 4452 une
849 4394 919 4452 inula
933 4393 967 4450 de
982 4394 1067 4464 uillas,
1083 4399 1112 4451 et
1125 4407 1242 4466 presque

124 4473 216 4524 tontes
231 4466 271 4524 les
284 4483 448 4540 campagnes
467 4490 478 4520 a
493 4473 662 4544 (questions
678 4477 747 4544 ete,
763 4487 792 4543 p.
806 4471 869 4545 tta,
883 4488 928 4529 an.
949 4467 1041 4541 litii.
1061 4468 1129 4528 Vera
1144 4469 1221 4526 nimis
1232 4471 1249 4530 t,

124 4544 178 4600 Sed
192 4544 263 4615 quid·
272 4545 401 4615 praedoni
415 4545 449 4603 ad
465 4545 617 4605 victimam?
