3224 5282
578 293 786 349 rrruunsxu.
1153 283 1196 354 97

126 443 282 512 examinis
295 441 487 520 libertatem,
499 443 626 527 eiusque
637 442 900 514 absolutissimam
908 446 946 510 ab
954 444 1041 512 omni
1050 447 1241 514 auctoritate

122 533 402 618 independentiam
421 549 494 598 cum
509 533 575 617 ipsa
590 532 956 610 concilietauctaritatc,
974 551 1055 618 quaa
1075 536 1122 601 vel
1136 541 1241 620 pasto

123 625 224 701 ribus,
245 622 294 686 vel
308 621 448 705 synodis,
466 623 513 688 vel
527 621 646 705 reginis
660 628 715 690 aut
729 623 855 707 regibus
869 623 1065 690 conseratur?
1081 624 1141 690 Hic
1153 643 1242 691 uam·
1345 636 1347 640 '

124 731 166 794 pe
176 711 1047 796 aeternusProtestautisminodus,nunquamsolveudus.
1058 712 1160 790 Unde,
1171 715 1241 780 iure

123 803 341 890 Protestantes
357 800 418 881 ipsi
433 819 505 865 suos
519 801 714 881 compellunt
729 807 882 883 pastoresz
898 822 918 882 n
928 801 962 869 Si
980 802 1029 866 via
1041 803 1239 869 auctoritatis

124 895 175 955 est
191 889 346 971 legitima,
364 889 541 955 damnanda
556 895 604 955 est
618 891 876 957 Proteslantismi
891 891 994 972 origo,
1010 890 1065 973 qui
1082 893 1121 956 ab
1133 893 1241 958 Eccle-

124 979 194 1041 siae
208 977 408 1054 auctoritate,
425 983 475 1045 tot
490 979 685 1044 sacculorum
708 977 859 1061 suffragio
874 980 1073 1058 confirmata,
1091 979 1241 1046 discesse-

123 1072 190 1140 rat;
209 1072 329 1144 contra,
347 1067 472 1133 sirecte
487 1072 535 1134 cst
550 1068 705 1134 examinis
716 1067 778 1144 via,
793 1069 970 1136 damnanda
982 1072 1029 1134 est
1042 1087 1121 1134 nova
1134 1073 1243 1135 aucto-

124 1156 220 1230 ritas,
242 1171 337 1238 quam
352 1155 386 1219 in
403 1155 582 1222 ministerio
598 1156 646 1223 vel
660 1157 800 1242 synodis,
826 1156 926 1232 vohis,
943 1177 964 1223 o
979 1161 1134 1240 pastores,
1152 1175 1241 1224 usur·

122 1245 236 1327 pastis,
253 1242 302 1308 val
318 1244 442 1326 regibus
457 1249 490 1318 et
506 1241 699 1329 principibus
716 1246 907 1313 contulistis.
928 1269 946 1310 o

217 1331 373 1400 xxv111.
388 1334 517 1402 Frustra
532 1334 632 1416 igitur
643 1336 860 1402 Protastantes
871 1335 1009 1418 aliquam
1020 1334 1183 1427 societatis
1193 1335 1243 1400 rel

122 1421 294 1503 regiminis
310 1421 445 1487 iormam
469 1426 646 1489 restaurare
659 1429 826 1490 conantur.
846 1425 928 1498 lmo,
945 1441 1105 1488 sccromm
1122 1424 1191 1488 iure
1206 1423 1243 1488 in

123 1511 267 1592 singulos
282 1513 378 1576 semel
393 1512 519 1588 collato,
538 1511 642 1594 ipsum
656 1512 748 1577 civile
764 1513 812 1577 ius
827 1511 980 1578 radicitus
990 1512 1240 1578 corrrellehatur.

124 1600 212 1666 Nam
227 1605 261 1665 ct
274 1599 323 1664 ius
338 1600 430 1667 civile
446 1601 480 1664 in
495 1604 625 1666 externa
640 1618 765 1684 quoque
786 1602 883 1667 situm
899 1606 946 1667 est
962 1600 1163 1676 auctoritate,
1181 1617 1243 1681 qua
1325 1636 1336 1661 .

122 1689 226 1752 semel
242 1689 359 1764 avulsa,
378 1689 459 1753 sicut
475 1689 685 1772 unusquisque
696 1690 757 1754 sibi
768 1691 805 1756 iit
820 1691 963 1754 sacerdos
978 1693 1011 1754 et
1026 1687 1181 1772 pontifex,
1197 1688 1246 1754 ita

124 1794 185 1840 rex
201 1781 233 1842 et
247 1777 403 1860 princepe.
418 1776 508 1844 Unde
523 1777 602 1842 illud
614 1778 780 1844 anarohiae
792 1796 900 1860 genus,
914 1777 999 1860 quod
1014 1777 1164 1860 populare
1175 1776 1244 1842 sive

122 1865 346 1930 universorum
361 1866 531 1948 imperium
546 1872 594 1932 est
609 1867 901 1949 appellatquuid
917 1869 1003 1931 enim
1018 1866 1244 1931 Protestantis-

122 1971 210 2029 mus,
235 1953 298 2018 uisi
321 1953 533 2036 emancipatio
553 1955 687 2021 rationis
702 1957 741 2019 ab
757 1955 965 2022 auctoritate?
979 1955 1069 2036 Ergo·
1081 1955 1165 2020 ratio
1180 1954 1242 2018 im-

123 2059 243 2123 perans
259 2041 292 2106 in
308 2043 423 2109 divinis
439 2047 534 2126 atqua
549 2043 583 2108 in
599 2042 758 2109 humanis.
775 2047 875 2127 Atqui
891 2044 945 2109 uhi
961 2045 1109 2108 omnium
1122 2048 1170 2108 est
1181 2043 1244 2107 im-

123 2131 265 2212 perium,
280 2133 326 2196 ihi
338 2132 459 2198 nullum
473 2137 521 2197 est
531 2132 713 2215 imperium,
728 2133 812 2198 nulla
823 2131 1068 2208 consociationis
1080 2132 1142 2207 lex,
1159 2132 1243 2197 nulla

122 2219 274 2284 societas.
284 2221 465 2302 Nunquam,
476 2219 623 2297 fatemur,
633 2240 742 2287 omnes
753 2222 867 2288 extulit
875 2219 1239 2304 vireshocprincipium,

122 2326 188 2389 quo
201 2314 333 2391 repente
346 2308 479 2374 sociatas
495 2310 704 2376 excideretur:
719 2311 798 2374 illud
812 2328 949 2392 namque
960 2310 1078 2390 repulit
1090 2310 1242 2374 naturalis

122 2398 378 2463 conservationis
401 2398 583 2464 instinctus.
599 2398 717 2481 Logica
733 2403 841 2465 tamen
858 2415 967 2482 omncs
982 2397 1239 2470 insurrectiones,

123 2485 242 2567 quibus
256 2485 373 2552 dudum
389 2486 534 2553 laborant
545 2487 691 2569 imperia,
704 2488 779 2553 inde
791 2487 1021 2552 inferebantur:
1039 2490 1147 2569 estque
1159 2486 1243 2568 ignis

123 2575 157 2638 in
174 2575 288 2649 domo,
305 2579 399 2659 atque
414 2575 527 2641 ardens
541 2576 701 2652 vidconus,
718 2595 783 2658 quo
798 2575 890 2651 tellus
906 2579 976 2640 tota
989 2576 1183 2640 concutitur.

217 2664 343 2748 xxix.
361 2665 446 2746 Ergo
459 2663 522 2728 tria
537 2664 613 2730 haec
624 2665 832 2732 invictissime
843 2668 965 2746 patent.
982 2661 1014 2727 1.
1028 2661 1137 2742 Quum
1148 2664 1181 2726 in
1194 2663 1246 2729 iu·

123 2750 257 2816 linitum
269 2753 727 2830 scindaturProtcstantismus,
743 2754 856 2820 veritas
869 2753 1003 2823 nonest,
1016 2768 1169 2832 quae-una
1182 2757 1242 2828 est,

123 2845 279 2905 constans
291 2841 363 2917 sihi,
372 2845 405 2907 et
417 2838 562 2907 indivisa.
571 2839 632 2910 Sed
644 2859 745 2924 neque
756 2839 954 2924 philosophia
961 2838 1025 2903 dici
1038 2844 1155 2922 potest,
1166 2858 1247 2923 quae

125 2928 251 3012 aliquid
266 2931 379 2994 saltem
394 2929 647 3012 refert.positivi;
665 2930 720 2996 illc
730 2936 837 2995 autem
849 2927 928 2995 nihil
943 2927 1038 2994 hahet
1050 2928 1112 2994 nisi
1125 2930 1247 3011 negati-

127 3037 219 3085 vum:
233 3017 408 3086 Protectnri
419 3020 454 3083 tn
465 3016 701 3084 Auctoritatem.
715 3020 750 3084 2.
760 3011 851 3085 Nihil
863 3017 958 3082 habet
970 3015 1082 3082 divini:
1098 3017 1247 3101 undequi

129 3108 218 3172 nulla
233 3107 388 3189 religione
410 3107 618 3184 delectantur,
636 3125 671 3171 se
686 3117 769 3172 nunc
783 3102 999 3173 Protestan'tes
1023 3105 1175 3187 appellari
1191 3122 1247 3185 pa-

128 3197 272 3262 tiuntur.
290 3195 324 3262 3.
341 3195 469 3264 Nullam
485 3194 590 3261 induit
605 3195 763 3262 societatis
779 3195 928 3268 formam,
947 3192 1092 3276 quinimo
1108 3191 1249 3274 singulo-

129 3300 204 3350 rum
221 3283 469 3367 independentia
491 3284 542 3350 cui
558 3284 720 3360 innititur,
738 3282 886 3367 cuiusque
902 3287 949 3348 est
964 3280 1123 3346 societatis
1144 3281 1249 3346 extia-

128 3377 211 3440 ctio.
226 3373 312 3454 Quid
327 3391 402 3455 ergo
418 3378 466 3439 ast
477 3373 769 3448 Protestantismus,
784 3374 811 3437 si
825 3392 887 3440 non
899 3376 947 3438 est
957 3368 1169 3454 philosophia,
1184 3387 1249 3434 non

129 3462 261 3544 religio,
280 3481 344 3528 non
360 3463 507 3530 societas?
521 3461 695 3545 Reliqioane
710 3462 748 3528 nd
763 3463 866 3538 initio,
877 3478 967 3534 nunc
981 3459 1142 3542 relictusne
1153 3457 1249 3523 rimari

131 3560 159 3617 ct
171 3551 324 3634 politicae
339 3552 577 3634 insurrectionis
592 3553 834 3616 instrumentum
850 3559 878 3616 et
892 3547 1057 3615 accillum.

222 3639 335 3706 XXX.
358 3641 442 3706 Hinc
458 3639 512 3705 illa
535 3640 710 3722 explicatur
724 3639 966 3721 Anglicanismi,
976 3635 1163 3719 praesertim
1178 3651 1253 3700 cum

133 3729 284 3794 omnibus
306 3731 399 3795 sectis
416 3729 564 3812 religiosa
580 3735 613 3794 et
626 3727 758 3810 politica
774 3728 968 3804 fraternitam
987 3725 1062 3792 hinc
1077 3725 1132 3790 illa
1148 3724 1252 3788 insur-

133 3819 317 3882 rectionum
332 3819 402 3884 sitis
417 3823 450 3884 et
465 3819 617 3902 quaedam
632 3818 700 3904 iere
717 3817 897 3893 necessitas;
911 3817 986 3881 hinc
1000 3819 1067 3880 tam
1082 3813 1205 3879 fervens
1217 3813 1252 3876 in

131 3907 264 3974 ltaliam
279 3905 489 3984 machinatio,
499 3908 553 3972 ubi
565 3905 761 3974 auctoritatis
773 3906 967 3989 principium
978 3921 1033 3969 sua
1045 3902 1145 3968 adhuc
1156 3901 1192 3966 in
1204 3919 1252 3966 se-

129 4082 206 4156 cilio,
222 4082 390 4140 Gorhamum
412 4081 569 4158 damnabat,
587 4095 695 4142 mooun
710 4082 820 4155 regiona
834 4078 1064 4156 eiusqueConsiiil
1078 4076 1251 4135 senteutiam.

130 4160 203 4214 ilina
222 4159 345 4231 flagrans
363 4161 556 4234 episcoporum
570 4159 717 4230 discordia,
732 4159 792 4216 aliis
806 4161 927 4231 reginae,
940 4157 998 4220 aliis
1011 4158 1140 4227 episeopo
1154 4152 1254 4208 lisele-

130 4235 209 4290 reasi
222 4234 386 4291 laventibus.
400 4236 442 4291 Eu
452 4250 506 4308 quo
517 4236 597 4291 traxit
607 4235 742 4292 discordia
756 4231 958 4290 fratreri-Nulla
969 4233 1039 4290 inter
1050 4232 1124 4302 ipsos
1136 4241 1254 4284 cousen-

129 4309 183 4385 aio,
200 4309 280 4366 nulla
294 4310 563 4383 auctoritaspnullus
579 4311 671 4378 iudex,
689 4311 739 4366 nisi
752 4308 837 4366 laicae
851 4306 1050 4380 potestatisve!
1065 4305 1175 4377 reginae
1185 4301 1255 4358 iudi-

129 4385 217 4442 cium.
234 4385 384 4442 Libertatis
404 4386 543 4448 licentiam
562 4386 727 4462 deligentes,
743 4385 769 4443 iu
785 4385 945 4459 probrosam
958 4398 990 4441 ac
1003 4381 1175 4439 durissimam
1194 4389 1256 4464 rere

130 4461 251 4519 vitulam
266 4459 338 4534 lapsi
352 4459 424 4522 suut.

1036 4527 1077 4595 13
