<?xml version="1.0" encoding="UTF-8"?>
<!DOCTYPE html PUBLIC "-//W3C//DTD XHTML 1.0 Transitional//EN"
    "http://www.w3.org/TR/xhtml1/DTD/xhtml1-transitional.dtd">
<html xmlns="http://www.w3.org/1999/xhtml" xml:lang="en" lang="en">
 <head>
  <title>
</title>
<meta http-equiv="Content-Type" content="text/html;charset=utf-8" />
  <meta name='ocr-system' content='tesseract 3.04.00' />
  <meta name='ocr-capabilities' content='ocr_page ocr_carea ocr_par ocr_line ocrx_word'/>
</head>
<body>
  <div class='ocr_page' id='page_1' title='image "./iurisnaturaeetg01audigoog_0248.png"; bbox 0 0 3238 5282; ppageno 0'>
   <div class='ocr_carea' id='block_1_1' title="bbox 553 311 1195 384">
    <p class='ocr_par' dir='ltr' id='par_1_1' title="bbox 553 311 1195 384">
     <span class='ocr_line' id='line_1_1' title="bbox 553 311 1195 384; baseline -0.006 -4"><span class='ocrx_word' id='word_1_1' title='bbox 553 332 796 384; x_wconf 77' lang='lat' dir='ltr'><strong>rixatusxviu.</strong></span> <span class='ocrx_word' id='word_1_2' title='bbox 1129 311 1195 377; x_wconf 73' lang='lat'><strong>227</strong></span> 
     </span>
    </p>
   </div>
   <div class='ocr_carea' id='block_1_2' title="bbox 120 477 1313 1895">
    <p class='ocr_par' dir='ltr' id='par_1_2' title="bbox 120 477 1242 654">
     <span class='ocr_line' id='line_1_2' title="bbox 120 477 1242 563; baseline -0.004 -18"><span class='ocrx_word' id='word_1_3' title='bbox 120 497 202 563; x_wconf 88' lang='lat' dir='ltr'><strong>quae</strong></span> <span class='ocrx_word' id='word_1_4' title='bbox 215 479 345 545; x_wconf 83' lang='lat' dir='ltr'><strong>inventa</strong></span> <span class='ocrx_word' id='word_1_5' title='bbox 360 483 446 545; x_wconf 89' lang='lat' dir='ltr'><strong>sunt:</strong></span> <span class='ocrx_word' id='word_1_6' title='bbox 463 478 518 544; x_wconf 90' lang='lat' dir='ltr'><strong>sed</strong></span> <span class='ocrx_word' id='word_1_7' title='bbox 529 479 578 544; x_wconf 93' lang='lat' dir='ltr'><strong>ius</strong></span> <span class='ocrx_word' id='word_1_8' title='bbox 594 497 718 562; x_wconf 84' lang='lat' dir='ltr'><strong>quoque</strong></span> <span class='ocrx_word' id='word_1_9' title='bbox 733 485 781 545; x_wconf 85' lang='lat' dir='ltr'><strong>cst</strong></span> <span class='ocrx_word' id='word_1_10' title='bbox 797 483 941 545; x_wconf 82' lang='lat' dir='ltr'><strong>enatura</strong></span> <span class='ocrx_word' id='word_1_11' title='bbox 952 478 1121 553; x_wconf 89' lang='lat' dir='ltr'><strong>tributum,</strong></span> <span class='ocrx_word' id='word_1_12' title='bbox 1136 477 1242 543; x_wconf 85' lang='lat' dir='ltr'><strong>utsuis</strong></span> 
     </span>
     <span class='ocr_line' id='line_1_3' title="bbox 120 567 904 654; baseline 0.001 -20"><span class='ocrx_word' id='word_1_13' title='bbox 120 574 267 634; x_wconf 80' lang='lat' dir='ltr'>auctores</span> <span class='ocrx_word' id='word_1_14' title='bbox 284 569 442 632; x_wconf 88' lang='lat' dir='ltr'><strong>laetentur</strong></span> <span class='ocrx_word' id='word_1_15' title='bbox 458 568 618 634; x_wconf 88' lang='lat' dir='ltr'><strong>laboribus</strong></span> <span class='ocrx_word' id='word_1_16' title='bbox 634 574 667 634; x_wconf 90' lang='lat' dir='ltr'><strong>et</strong></span> <span class='ocrx_word' id='word_1_17' title='bbox 682 568 835 634; x_wconf 89' lang='lat' dir='ltr'><strong>lmctibus</strong></span> <span class='ocrx_word' id='word_1_18' title='bbox 850 567 904 654; x_wconf 72' lang='lat' dir='ltr'><strong>(a).</strong></span> 
     </span>
    </p>

    <p class='ocr_par' dir='ltr' id='par_1_3' title="bbox 121 654 1285 1537">
     <span class='ocr_line' id='line_1_4' title="bbox 211 654 1244 738; baseline 0 -16"><span class='ocrx_word' id='word_1_19' title='bbox 211 657 368 723; x_wconf 82' lang='lat' dir='ltr'><strong>xxxvl.</strong></span> <span class='ocrx_word' id='word_1_20' title='bbox 386 655 466 722; x_wconf 86' lang='lat' dir='ltr'><strong>Cum</strong></span> <span class='ocrx_word' id='word_1_21' title='bbox 479 657 556 722; x_wconf 89' lang='lat' dir='ltr'><strong>baec</strong></span> <span class='ocrx_word' id='word_1_22' title='bbox 567 659 630 723; x_wconf 89' lang='lat' dir='ltr'><strong>duo</strong></span> <span class='ocrx_word' id='word_1_23' title='bbox 647 657 907 723; x_wconf 82' lang='lat' dir='ltr'><strong>manifestissima</strong></span> <span class='ocrx_word' id='word_1_24' title='bbox 926 655 1086 720; x_wconf 87' lang='lat' dir='ltr'><strong>evidentia</strong></span> <span class='ocrx_word' id='word_1_25' title='bbox 1101 654 1244 738; x_wconf 75' lang='lat' dir='ltr'><strong>fulgeant</strong></span> 
     </span>
     <span class='ocr_line' id='line_1_5' title="bbox 122 743 1245 827; baseline -0.004 -15"><span class='ocrx_word' id='word_1_26' title='bbox 122 746 296 812; x_wconf 90' lang='lat' dir='ltr'><strong>novissimo</strong></span> <span class='ocrx_word' id='word_1_27' title='bbox 311 747 381 810; x_wconf 89' lang='lat' dir='ltr'><strong>iure</strong></span> <span class='ocrx_word' id='word_1_28' title='bbox 397 747 553 827; x_wconf 87' lang='lat' dir='ltr'><strong>gentium,</strong></span> <span class='ocrx_word' id='word_1_29' title='bbox 571 751 703 812; x_wconf 91' lang='lat' dir='ltr'><strong>naturae</strong></span> <span class='ocrx_word' id='word_1_30' title='bbox 719 747 789 811; x_wconf 90' lang='lat' dir='ltr'><strong>iura</strong></span> <span class='ocrx_word' id='word_1_31' title='bbox 806 747 852 812; x_wconf 90' lang='lat' dir='ltr'><strong>ita</strong></span> <span class='ocrx_word' id='word_1_32' title='bbox 864 763 937 812; x_wconf 92' lang='lat' dir='ltr'><strong>cum</strong></span> <span class='ocrx_word' id='word_1_33' title='bbox 947 743 1111 810; x_wconf 87' lang='lat' dir='ltr'><strong>societatis</strong></span> <span class='ocrx_word' id='word_1_34' title='bbox 1123 743 1245 808; x_wconf 89' lang='lat' dir='ltr'><strong>iuribus</strong></span> 
     </span>
     <span class='ocr_line' id='line_1_6' title="bbox 121 833 1285 922; baseline -0.004 -20"><span class='ocrx_word' id='word_1_35' title='bbox 121 835 170 903; x_wconf 79' lang='lat' dir='ltr'><strong>vel</strong></span> <span class='ocrx_word' id='word_1_36' title='bbox 186 835 465 901; x_wconf 82' lang='lat' dir='ltr'><strong>commoditatibus</strong></span> <span class='ocrx_word' id='word_1_37' title='bbox 479 841 727 921; x_wconf 85' lang='lat' dir='ltr'><strong>componuntur,</strong></span> <span class='ocrx_word' id='word_1_38' title='bbox 745 841 780 900; x_wconf 90' lang='lat' dir='ltr'><strong>ut</strong></span> <span class='ocrx_word' id='word_1_39' title='bbox 790 835 998 922; x_wconf 80' lang='lat' dir='ltr'><strong>proprietatis</strong></span> <span class='ocrx_word' id='word_1_40' title='bbox 1010 837 1153 915; x_wconf 90' lang='lat' dir='ltr'><strong>tempora</strong></span> <span class='ocrx_word' id='word_1_41' title='bbox 1167 833 1248 898; x_wconf 85' lang='lat' dir='ltr'><strong>deb·</strong></span> <span class='ocrx_word' id='word_1_42' title='bbox 1282 855 1285 866; x_wconf 90' lang='lat'><em>·</em></span> 
     </span>
     <span class='ocr_line' id='line_1_7' title="bbox 122 921 1247 1006; baseline -0.002 -17"><span class='ocrx_word' id='word_1_43' title='bbox 122 926 264 998; x_wconf 86' lang='lat' dir='ltr'><strong>alantur,</strong></span> <span class='ocrx_word' id='word_1_44' title='bbox 282 924 396 1006; x_wconf 86' lang='lat' dir='ltr'><strong>quibus</strong></span> <span class='ocrx_word' id='word_1_45' title='bbox 419 924 467 988; x_wconf 90' lang='lat' dir='ltr'><strong>vel</strong></span> <span class='ocrx_word' id='word_1_46' title='bbox 488 925 644 990; x_wconf 83' lang='lat' dir='ltr'><strong>exclusive</strong></span> <span class='ocrx_word' id='word_1_47' title='bbox 660 941 711 988; x_wconf 91' lang='lat' dir='ltr'><strong>ars</strong></span> <span class='ocrx_word' id='word_1_48' title='bbox 727 930 923 998; x_wconf 80' lang='lat' dir='ltr'><strong>exerceatur,</strong></span> <span class='ocrx_word' id='word_1_49' title='bbox 944 923 992 992; x_wconf 85' lang='lat' dir='ltr'><strong>vel</strong></span> <span class='ocrx_word' id='word_1_50' title='bbox 1015 921 1088 986; x_wconf 83' lang='lat' dir='ltr'>libri</span> <span class='ocrx_word' id='word_1_51' title='bbox 1109 922 1247 988; x_wconf 88' lang='lat' dir='ltr'><strong>auctoris</strong></span> 
     </span>
     <span class='ocr_line' id='line_1_8' title="bbox 122 1011 1249 1096; baseline -0.002 -18"><span class='ocrx_word' id='word_1_52' title='bbox 122 1013 273 1078; x_wconf 75' lang='lat' dir='ltr'><strong>facultate</strong></span> <span class='ocrx_word' id='word_1_53' title='bbox 284 1014 369 1096; x_wconf 84' lang='lat' dir='ltr'><strong>typis</strong></span> <span class='ocrx_word' id='word_1_54' title='bbox 381 1011 526 1090; x_wconf 84' lang='lat' dir='ltr'><strong>edantur,</strong></span> <span class='ocrx_word' id='word_1_55' title='bbox 538 1019 573 1078; x_wconf 92' lang='lat' dir='ltr'><strong>ut</strong></span> <span class='ocrx_word' id='word_1_56' title='bbox 582 1013 680 1096; x_wconf 90' lang='lat' dir='ltr'><strong>ipsius</strong></span> <span class='ocrx_word' id='word_1_57' title='bbox 692 1031 815 1095; x_wconf 87' lang='lat' dir='ltr'><strong>quoque</strong></span> <span class='ocrx_word' id='word_1_58' title='bbox 828 1014 973 1079; x_wconf 87' lang='lat' dir='ltr'><strong>libertate</strong></span> <span class='ocrx_word' id='word_1_59' title='bbox 985 1011 1191 1077; x_wconf 89' lang='lat' dir='ltr'><strong>emendentur</strong></span> <span class='ocrx_word' id='word_1_60' title='bbox 1200 1013 1249 1076; x_wconf 87' lang='lat' dir='ltr'><strong>vel</strong></span> 
     </span>
     <span class='ocr_line' id='line_1_9' title="bbox 124 1099 1249 1184; baseline -0.002 -18"><span class='ocrx_word' id='word_1_61' title='bbox 124 1101 345 1184; x_wconf 86' lang='lat' dir='ltr'><strong>perficiantur.</strong></span> <span class='ocrx_word' id='word_1_62' title='bbox 356 1101 429 1167; x_wconf 84' lang='lat' dir='ltr'><strong>Non</strong></span> <span class='ocrx_word' id='word_1_63' title='bbox 440 1119 573 1182; x_wconf 86' lang='lat' dir='ltr'><strong>ergoex</strong></span> <span class='ocrx_word' id='word_1_64' title='bbox 584 1102 652 1168; x_wconf 91' lang='lat' dir='ltr'><strong>solo</strong></span> <span class='ocrx_word' id='word_1_65' title='bbox 667 1102 740 1166; x_wconf 88' lang='lat' dir='ltr'><strong>iure</strong></span> <span class='ocrx_word' id='word_1_66' title='bbox 753 1104 901 1178; x_wconf 83' lang='lat' dir='ltr'><strong>naturali,</strong></span> <span class='ocrx_word' id='word_1_67' title='bbox 915 1119 1015 1183; x_wconf 87' lang='lat' dir='ltr'><strong>neque</strong></span> <span class='ocrx_word' id='word_1_68' title='bbox 1030 1099 1152 1164; x_wconf 82' lang='lat' dir='ltr'><strong>exsulis</strong></span> <span class='ocrx_word' id='word_1_69' title='bbox 1169 1100 1249 1183; x_wconf 87' lang='lat' dir='ltr'><strong>legi·</strong></span> 
     </span>
     <span class='ocr_line' id='line_1_10' title="bbox 122 1185 1248 1278; baseline 0 -24"><span class='ocrx_word' id='word_1_70' title='bbox 122 1185 1248 1278; x_wconf 70' lang='lat' dir='ltr'><strong>bus‚sedexutrisquesimulauctorum&#39;iuraproiectaconspioimusanon</strong></span> 
     </span>
     <span class='ocr_line' id='line_1_11' title="bbox 124 1275 1249 1365; baseline 0.001 -22"><span class='ocrx_word' id='word_1_71' title='bbox 124 1275 355 1343; x_wconf 86' lang='lat' dir='ltr'><strong>absolutissima</strong></span> <span class='ocrx_word' id='word_1_72' title='bbox 372 1284 405 1344; x_wconf 92' lang='lat' dir='ltr'><strong>et</strong></span> <span class='ocrx_word' id='word_1_73' title='bbox 419 1284 572 1362; x_wconf 83' lang='lat' dir='ltr'><strong>perpetua</strong></span> <span class='ocrx_word' id='word_1_74' title='bbox 586 1281 764 1365; x_wconf 84' lang='lat' dir='ltr'><strong>proprietas</strong></span> <span class='ocrx_word' id='word_1_75' title='bbox 778 1298 818 1345; x_wconf 87' lang='lat' dir='ltr'><strong>ex</strong></span> <span class='ocrx_word' id='word_1_76' title='bbox 832 1299 894 1346; x_wconf 89' lang='lat' dir='ltr'><strong>una</strong></span> <span class='ocrx_word' id='word_1_77' title='bbox 906 1285 1009 1364; x_wconf 88' lang='lat' dir='ltr'><strong>parte,</strong></span> <span class='ocrx_word' id='word_1_78' title='bbox 1028 1295 1091 1344; x_wconf 88' lang='lat' dir='ltr'><strong>non</strong></span> <span class='ocrx_word' id='word_1_79' title='bbox 1107 1277 1249 1360; x_wconf 87' lang='lat' dir='ltr'><strong>gratuita</strong></span> 
     </span>
     <span class='ocr_line' id='line_1_12' title="bbox 126 1366 1249 1449; baseline 0.002 -19"><span class='ocrx_word' id='word_1_80' title='bbox 126 1381 257 1449; x_wconf 91' lang='lat' dir='ltr'><strong>prorsus</strong></span> <span class='ocrx_word' id='word_1_81' title='bbox 273 1367 440 1449; x_wconf 86' lang='lat' dir='ltr'><strong>privilegia</strong></span> <span class='ocrx_word' id='word_1_82' title='bbox 458 1386 499 1433; x_wconf 88' lang='lat' dir='ltr'><strong>cx</strong></span> <span class='ocrx_word' id='word_1_83' title='bbox 515 1370 626 1447; x_wconf 78' lang='lat' dir='ltr'><strong>altera3</strong></span> <span class='ocrx_word' id='word_1_84' title='bbox 645 1369 699 1434; x_wconf 91' lang='lat' dir='ltr'><strong>sed</strong></span> <span class='ocrx_word' id='word_1_85' title='bbox 714 1369 763 1435; x_wconf 90' lang='lat' dir='ltr'><strong>ius</strong></span> <span class='ocrx_word' id='word_1_86' title='bbox 779 1373 924 1444; x_wconf 90' lang='lat' dir='ltr'><strong>naturae,</strong></span> <span class='ocrx_word' id='word_1_87' title='bbox 941 1367 1028 1435; x_wconf 80' lang='lat' dir='ltr'><strong>civili</strong></span> <span class='ocrx_word' id='word_1_88' title='bbox 1049 1367 1120 1432; x_wconf 92' lang='lat' dir='ltr'><strong>iure</strong></span> <span class='ocrx_word' id='word_1_89' title='bbox 1134 1366 1249 1432; x_wconf 88' lang='lat' dir='ltr'><strong>delini-</strong></span> 
     </span>
     <span class='ocr_line' id='line_1_13' title="bbox 127 1457 546 1537; baseline 0 -15"><span class='ocrx_word' id='word_1_90' title='bbox 127 1461 197 1522; x_wconf 92' lang='lat' dir='ltr'><strong>tum</strong></span> <span class='ocrx_word' id='word_1_91' title='bbox 213 1461 306 1537; x_wconf 87' lang='lat' dir='ltr'><strong>atque</strong></span> <span class='ocrx_word' id='word_1_92' title='bbox 322 1457 546 1522; x_wconf 89' lang='lat' dir='ltr'><strong>constitutum.</strong></span> 
     </span>
    </p>

    <p class='ocr_par' dir='ltr' id='par_1_4' title="bbox 125 1543 1313 1895">
     <span class='ocr_line' id='line_1_14' title="bbox 217 1543 1313 1630; baseline 0 -21"><span class='ocrx_word' id='word_1_93' title='bbox 217 1544 390 1611; x_wconf 82' lang='lat' dir='ltr'><strong>xxxvli.</strong></span> <span class='ocrx_word' id='word_1_94' title='bbox 408 1545 601 1625; x_wconf 86' lang='lat' dir='ltr'><strong>Quaestione</strong></span> <span class='ocrx_word' id='word_1_95' title='bbox 613 1547 652 1612; x_wconf 92' lang='lat' dir='ltr'><strong>de</strong></span> <span class='ocrx_word' id='word_1_96' title='bbox 667 1547 737 1612; x_wconf 92' lang='lat' dir='ltr'><strong>iare</strong></span> <span class='ocrx_word' id='word_1_97' title='bbox 750 1547 923 1630; x_wconf 87' lang='lat' dir='ltr'><strong>persoluta,</strong></span> <span class='ocrx_word' id='word_1_98' title='bbox 940 1547 1040 1612; x_wconf 86' lang='lat' dir='ltr'><strong>altera</strong></span> <span class='ocrx_word' id='word_1_99' title='bbox 1049 1543 1173 1610; x_wconf 88' lang='lat' dir='ltr'><strong>lacilius</strong></span> <span class='ocrx_word' id='word_1_100' title='bbox 1184 1544 1248 1609; x_wconf 91' lang='lat' dir='ltr'><strong>sol·</strong></span> <span class='ocrx_word' id='word_1_101' title='bbox 1312 1577 1313 1582; x_wconf 15' lang='grc' dir='ltr'><strong>κ</strong></span> 
     </span>
     <span class='ocr_line' id='line_1_15' title="bbox 125 1632 1248 1718; baseline -0.002 -19"><span class='ocrx_word' id='word_1_102' title='bbox 125 1638 218 1699; x_wconf 80' lang='lat' dir='ltr'><strong>vetur</strong></span> <span class='ocrx_word' id='word_1_103' title='bbox 230 1632 269 1698; x_wconf 89' lang='lat' dir='ltr'><strong>de</strong></span> <span class='ocrx_word' id='word_1_104' title='bbox 281 1633 412 1699; x_wconf 91' lang='lat' dir='ltr'><strong>iniuria.</strong></span> <span class='ocrx_word' id='word_1_105' title='bbox 429 1634 464 1702; x_wconf 89' lang='lat' dir='ltr'><strong>Si</strong></span> <span class='ocrx_word' id='word_1_106' title='bbox 479 1635 566 1699; x_wconf 88' lang='lat' dir='ltr'><strong>enim</strong></span> <span class='ocrx_word' id='word_1_107' title='bbox 581 1641 676 1701; x_wconf 85' lang='lat' dir='ltr'><strong>tanta</strong></span> <span class='ocrx_word' id='word_1_108' title='bbox 687 1640 735 1702; x_wconf 90' lang='lat' dir='ltr'><strong>est</strong></span> <span class='ocrx_word' id='word_1_109' title='bbox 751 1635 882 1711; x_wconf 90' lang='lat' dir='ltr'><strong>iniuria,</strong></span> <span class='ocrx_word' id='word_1_110' title='bbox 896 1640 1014 1718; x_wconf 85' lang='lat' dir='ltr'><strong>quanta</strong></span> <span class='ocrx_word' id='word_1_111' title='bbox 1026 1637 1074 1699; x_wconf 89' lang='lat' dir='ltr'><strong>est</strong></span> <span class='ocrx_word' id='word_1_112' title='bbox 1090 1632 1168 1697; x_wconf 89' lang='lat' dir='ltr'><strong>iuris</strong></span> <span class='ocrx_word' id='word_1_113' title='bbox 1180 1633 1248 1698; x_wconf 89' lang='lat' dir='ltr'><strong>vio-</strong></span> 
     </span>
     <span class='ocr_line' id='line_1_16' title="bbox 127 1721 1248 1806; baseline 0.004 -22"><span class='ocrx_word' id='word_1_114' title='bbox 127 1721 220 1797; x_wconf 89' lang='lat' dir='ltr'><strong>latio,</strong></span> <span class='ocrx_word' id='word_1_115' title='bbox 232 1722 333 1804; x_wconf 89' lang='lat' dir='ltr'><strong>quiin</strong></span> <span class='ocrx_word' id='word_1_116' title='bbox 347 1724 451 1804; x_wconf 91' lang='lat' dir='ltr'><strong>legem</strong></span> <span class='ocrx_word' id='word_1_117' title='bbox 462 1729 622 1789; x_wconf 89' lang='lat' dir='ltr'><strong>vetantem</strong></span> <span class='ocrx_word' id='word_1_118' title='bbox 630 1725 768 1790; x_wconf 92' lang='lat' dir='ltr'><strong>alienum</strong></span> <span class='ocrx_word' id='word_1_119' title='bbox 781 1723 908 1805; x_wconf 86' lang='lat' dir='ltr'><strong>evulgat</strong></span> <span class='ocrx_word' id='word_1_120' title='bbox 917 1742 1008 1806; x_wconf 90' lang='lat' dir='ltr'><strong>opus,</strong></span> <span class='ocrx_word' id='word_1_121' title='bbox 1022 1727 1170 1788; x_wconf 88' lang='lat' dir='ltr'><strong>naturam</strong></span> <span class='ocrx_word' id='word_1_122' title='bbox 1183 1722 1248 1788; x_wconf 84' lang='lat' dir='ltr'><strong>lae-</strong></span> 
     </span>
     <span class='ocr_line' id='line_1_17' title="bbox 128 1810 1248 1895; baseline 0.001 -21"><span class='ocrx_word' id='word_1_123' title='bbox 128 1810 228 1876; x_wconf 91' lang='lat' dir='ltr'><strong>ditet</strong></span> <span class='ocrx_word' id='word_1_124' title='bbox 245 1811 359 1893; x_wconf 86' lang='lat' dir='ltr'><strong>legem,</strong></span> <span class='ocrx_word' id='word_1_125' title='bbox 378 1829 440 1876; x_wconf 88' lang='lat' dir='ltr'><strong>non</strong></span> <span class='ocrx_word' id='word_1_126' title='bbox 458 1817 584 1878; x_wconf 89' lang='lat' dir='ltr'><strong>tantum</strong></span> <span class='ocrx_word' id='word_1_127' title='bbox 600 1813 733 1895; x_wconf 76' lang='lat' dir='ltr'><strong>legalem</strong></span> <span class='ocrx_word' id='word_1_128' title='bbox 750 1813 908 1879; x_wconf 90' lang='lat' dir='ltr'><strong>iustitiam</strong></span> <span class='ocrx_word' id='word_1_129' title='bbox 931 1812 1122 1894; x_wconf 78' lang='lat' dir='ltr'><strong>infringens,</strong></span> <span class='ocrx_word' id='word_1_130' title='bbox 1144 1811 1199 1878; x_wconf 92' lang='lat' dir='ltr'><strong>sed</strong></span> <span class='ocrx_word' id='word_1_131' title='bbox 1215 1815 1248 1876; x_wconf 89' lang='lat' dir='ltr'><strong>ct</strong></span> 
     </span>
    </p>
   </div>
   <div class='ocr_carea' id='block_1_3' title="bbox 6 1899 1249 1984">
    <p class='ocr_par' dir='ltr' id='par_1_5' title="bbox 6 1899 1249 1984">
     <span class='ocr_line' id='line_1_18' title="bbox 6 1899 1249 1984; baseline -0.005 -14"><span class='ocrx_word' id='word_1_132' title='bbox 6 1963 8 1970; x_wconf 81' lang='grc'>,</span> <span class='ocrx_word' id='word_1_133' title='bbox 124 1901 402 1976; x_wconf 86' lang='lat' dir='ltr'><strong>commutativam,</strong></span> <span class='ocrx_word' id='word_1_134' title='bbox 420 1918 515 1982; x_wconf 86' lang='lat' dir='ltr'><strong>quam</strong></span> <span class='ocrx_word' id='word_1_135' title='bbox 530 1916 655 1984; x_wconf 87' lang='lat' dir='ltr'><strong>semper</strong></span> <span class='ocrx_word' id='word_1_136' title='bbox 669 1902 825 1967; x_wconf 87' lang='lat' dir='ltr'><strong>sarciendi</strong></span> <span class='ocrx_word' id='word_1_137' title='bbox 838 1900 991 1983; x_wconf 82' lang='lat' dir='ltr'><strong>obligatio</strong></span> <span class='ocrx_word' id='word_1_138' title='bbox 1004 1899 1188 1966; x_wconf 89' lang='lat' dir='ltr'><strong>comitatur.</strong></span> <span class='ocrx_word' id='word_1_139' title='bbox 1199 1899 1249 1968; x_wconf 90' lang='lat' dir='ltr'><strong>Si·</strong></span> 
     </span>
    </p>
   </div>
   <div class='ocr_carea' id='block_1_4' title="bbox 123 1987 1279 2518">
    <p class='ocr_par' dir='ltr' id='par_1_6' title="bbox 123 1987 1279 2518">
     <span class='ocr_line' id='line_1_19' title="bbox 124 1987 1250 2073; baseline 0.002 -22"><span class='ocrx_word' id='word_1_140' title='bbox 124 1987 270 2070; x_wconf 85' lang='lat' dir='ltr'><strong>quidem,</strong></span> <span class='ocrx_word' id='word_1_141' title='bbox 288 1990 359 2054; x_wconf 90' lang='lat' dir='ltr'><strong>iure</strong></span> <span class='ocrx_word' id='word_1_142' title='bbox 374 1990 515 2054; x_wconf 89' lang='lat' dir='ltr'><strong>auctoris</strong></span> <span class='ocrx_word' id='word_1_143' title='bbox 530 1991 668 2055; x_wconf 89' lang='lat' dir='ltr'><strong>naturali</strong></span> <span class='ocrx_word' id='word_1_144' title='bbox 684 1993 856 2073; x_wconf 83' lang='lat' dir='ltr'><strong>perlegam</strong></span> <span class='ocrx_word' id='word_1_145' title='bbox 873 1991 1019 2064; x_wconf 89' lang='lat' dir='ltr'><strong>delinito,</strong></span> <span class='ocrx_word' id='word_1_146' title='bbox 1041 1987 1160 2054; x_wconf 89' lang='lat' dir='ltr'><strong>limites</strong></span> <span class='ocrx_word' id='word_1_147' title='bbox 1175 2007 1250 2055; x_wconf 91' lang='lat' dir='ltr'><strong>con-</strong></span> 
     </span>
     <span class='ocr_line' id='line_1_20' title="bbox 127 2077 1250 2168; baseline 0.001 -27"><span class='ocrx_word' id='word_1_148' title='bbox 127 2077 306 2142; x_wconf 89' lang='lat' dir='ltr'><strong>stituuntur</strong></span> <span class='ocrx_word' id='word_1_149' title='bbox 320 2080 355 2142; x_wconf 93' lang='lat' dir='ltr'><strong>in</strong></span> <span class='ocrx_word' id='word_1_150' title='bbox 371 2078 484 2160; x_wconf 73' lang='lat' dir='ltr'><strong>bulbus</strong></span> <span class='ocrx_word' id='word_1_151' title='bbox 499 2079 683 2146; x_wconf 90' lang='lat' dir='ltr'><strong>inchoatum</strong></span> <span class='ocrx_word' id='word_1_152' title='bbox 698 2099 716 2144; x_wconf 94' lang='lat' dir='ltr'><strong>a</strong></span> <span class='ocrx_word' id='word_1_153' title='bbox 732 2083 845 2145; x_wconf 92' lang='lat' dir='ltr'><strong>natura</strong></span> <span class='ocrx_word' id='word_1_154' title='bbox 857 2080 906 2144; x_wconf 91' lang='lat' dir='ltr'><strong>ius</strong></span> <span class='ocrx_word' id='word_1_155' title='bbox 918 2077 1122 2168; x_wconf 83' lang='lat' dir='ltr'><strong>proprietatis</strong></span> <span class='ocrx_word' id='word_1_156' title='bbox 1133 2091 1250 2144; x_wconf 82' lang='lat' dir='ltr'><strong>suase·</strong></span> 
     </span>
     <span class='ocr_line' id='line_1_21' title="bbox 123 2165 1279 2248; baseline 0.002 -18"><span class='ocrx_word' id='word_1_157' title='bbox 123 2170 219 2230; x_wconf 86' lang='lat' dir='ltr'><strong>xerat</strong></span> <span class='ocrx_word' id='word_1_158' title='bbox 234 2165 374 2245; x_wconf 88' lang='lat' dir='ltr'><strong>vires,ut</strong></span> <span class='ocrx_word' id='word_1_159' title='bbox 391 2166 504 2248; x_wconf 90' lang='lat' dir='ltr'><strong>cuique</strong></span> <span class='ocrx_word' id='word_1_160' title='bbox 520 2168 608 2233; x_wconf 91' lang='lat' dir='ltr'><strong>neias</strong></span> <span class='ocrx_word' id='word_1_161' title='bbox 620 2169 663 2235; x_wconf 93' lang='lat' dir='ltr'><strong>sit</strong></span> <span class='ocrx_word' id='word_1_162' title='bbox 674 2169 746 2234; x_wconf 93' lang='lat' dir='ltr'><strong>illos</strong></span> <span class='ocrx_word' id='word_1_163' title='bbox 758 2169 969 2234; x_wconf 65' lang='lat' dir='ltr'><strong>transilirent</strong></span> <span class='ocrx_word' id='word_1_164' title='bbox 981 2167 1111 2234; x_wconf 79' lang='lat' dir='ltr'><strong>fortiori</strong></span> <span class='ocrx_word' id='word_1_165' title='bbox 1123 2172 1245 2243; x_wconf 88' lang='lat' dir='ltr'><strong>autem,</strong></span> <span class='ocrx_word' id='word_1_166' title='bbox 1275 2215 1279 2220; x_wconf 83' lang='lat'>-</span> 
     </span>
     <span class='ocr_line' id='line_1_22' title="bbox 124 2253 1247 2341; baseline 0.002 -23"><span class='ocrx_word' id='word_1_167' title='bbox 124 2253 154 2319; x_wconf 92' lang='lat' dir='ltr'><strong>si</strong></span> <span class='ocrx_word' id='word_1_168' title='bbox 171 2253 243 2336; x_wconf 91' lang='lat' dir='ltr'><strong>quis</strong></span> <span class='ocrx_word' id='word_1_169' title='bbox 255 2255 420 2320; x_wconf 89' lang='lat' dir='ltr'><strong>inventum</strong></span> <span class='ocrx_word' id='word_1_170' title='bbox 433 2257 482 2322; x_wconf 88' lang='lat' dir='ltr'><strong>vel</strong></span> <span class='ocrx_word' id='word_1_171' title='bbox 492 2259 755 2341; x_wconf 88' lang='lat' dir='ltr'><strong>manuscriptum,</strong></span> <span class='ocrx_word' id='word_1_172' title='bbox 765 2263 934 2341; x_wconf 90' lang='lat' dir='ltr'><strong>antequam</strong></span> <span class='ocrx_word' id='word_1_173' title='bbox 947 2257 1181 2339; x_wconf 82' lang='lat' dir='ltr'><strong>evulgarentur,-</strong></span> <span class='ocrx_word' id='word_1_174' title='bbox 1191 2274 1247 2320; x_wconf 89' lang='lat' dir='ltr'><strong>au-</strong></span> 
     </span>
     <span class='ocr_line' id='line_1_23' title="bbox 126 2343 1247 2430; baseline 0.003 -23"><span class='ocrx_word' id='word_1_175' title='bbox 126 2343 214 2408; x_wconf 91' lang='lat' dir='ltr'><strong>ctori</strong></span> <span class='ocrx_word' id='word_1_176' title='bbox 230 2345 434 2420; x_wconf 87' lang='lat' dir='ltr'><strong>subtraxerit,</strong></span> <span class='ocrx_word' id='word_1_177' title='bbox 453 2345 488 2408; x_wconf 92' lang='lat' dir='ltr'><strong>in</strong></span> <span class='ocrx_word' id='word_1_178' title='bbox 504 2363 587 2430; x_wconf 85' lang='lat' dir='ltr'><strong>quac</strong></span> <span class='ocrx_word' id='word_1_179' title='bbox 603 2346 669 2427; x_wconf 89' lang='lat' dir='ltr'><strong>hic,</strong></span> <span class='ocrx_word' id='word_1_180' title='bbox 691 2347 818 2413; x_wconf 86' lang='lat' dir='ltr'><strong>seclusis</strong></span> <span class='ocrx_word' id='word_1_181' title='bbox 834 2349 933 2414; x_wconf 87' lang='lat' dir='ltr'><strong>etiam</strong></span> <span class='ocrx_word' id='word_1_182' title='bbox 948 2346 1082 2429; x_wconf 86' lang='lat' dir='ltr'><strong>legibus,</strong></span> <span class='ocrx_word' id='word_1_183' title='bbox 1099 2345 1247 2428; x_wconf 83' lang='lat' dir='ltr'><strong>plenissi-</strong></span> 
     </span>
     <span class='ocr_line' id='line_1_24' title="bbox 126 2434 866 2518; baseline 0.004 -22"><span class='ocrx_word' id='word_1_184' title='bbox 126 2448 181 2496; x_wconf 90' lang='lat' dir='ltr'><strong>ma</strong></span> <span class='ocrx_word' id='word_1_185' title='bbox 195 2434 343 2516; x_wconf 86' lang='lat' dir='ltr'><strong>utebatur</strong></span> <span class='ocrx_word' id='word_1_186' title='bbox 358 2437 542 2518; x_wconf 89' lang='lat' dir='ltr'><strong>potestate..</strong></span> <span class='ocrx_word' id='word_1_187' title='bbox 864 2451 866 2456; x_wconf 89' lang='lat'>·</span> 
     </span>
    </p>
   </div>
   <div class='ocr_carea' id='block_1_5' title="bbox 127 2508 1250 2783">
    <p class='ocr_par' dir='ltr' id='par_1_7' title="bbox 127 2508 1250 2783">
     <span class='ocr_line' id='line_1_25' title="bbox 185 2508 1249 2608; baseline 0.001 -20"><span class='ocrx_word' id='word_1_188' title='bbox 185 2581 189 2588; x_wconf 93' lang='lat'>.</span> <span class='ocrx_word' id='word_1_189' title='bbox 207 2520 398 2589; x_wconf 76' lang='lat' dir='ltr'><strong>XXXVIII.</strong></span> <span class='ocrx_word' id='word_1_190' title='bbox 408 2523 495 2588; x_wconf 84' lang='lat' dir='ltr'><strong>llaec</strong></span> <span class='ocrx_word' id='word_1_191' title='bbox 503 2541 562 2605; x_wconf 90' lang='lat' dir='ltr'><strong>pro</strong></span> <span class='ocrx_word' id='word_1_192' title='bbox 574 2526 727 2590; x_wconf 88' lang='lat' dir='ltr'><strong>coronide</strong></span> <span class='ocrx_word' id='word_1_193' title='bbox 738 2532 832 2592; x_wconf 88' lang='lat' dir='ltr'><strong>sunto</strong></span> <span class='ocrx_word' id='word_1_194' title='bbox 839 2508 930 2608; x_wconf 84' lang='lat' dir='ltr'><strong>hujus</strong></span> <span class='ocrx_word' id='word_1_195' title='bbox 937 2523 1147 2598; x_wconf 86' lang='lat' dir='ltr'><strong>tractationis,</strong></span> <span class='ocrx_word' id='word_1_196' title='bbox 1154 2541 1249 2606; x_wconf 91' lang='lat' dir='ltr'><strong>quam</strong></span> 
     </span>
     <span class='ocr_line' id='line_1_26' title="bbox 127 2609 1249 2699; baseline 0.003 -26"><span class='ocrx_word' id='word_1_197' title='bbox 127 2609 372 2676; x_wconf 89' lang='lat' dir='ltr'><strong>instituehamus</strong></span> <span class='ocrx_word' id='word_1_198' title='bbox 380 2614 420 2677; x_wconf 89' lang='lat' dir='ltr'><strong>de</strong></span> <span class='ocrx_word' id='word_1_199' title='bbox 430 2612 708 2691; x_wconf 86' lang='lat' dir='ltr'><strong>universarerum,</strong></span> <span class='ocrx_word' id='word_1_200' title='bbox 718 2615 876 2697; x_wconf 89' lang='lat' dir='ltr'><strong>eorporis,</strong></span> <span class='ocrx_word' id='word_1_201' title='bbox 888 2619 981 2699; x_wconf 88' lang='lat' dir='ltr'><strong>atque</strong></span> <span class='ocrx_word' id='word_1_202' title='bbox 989 2613 1093 2688; x_wconf 82' lang='lat' dir='ltr'><strong>animi</strong></span> <span class='ocrx_word' id='word_1_203' title='bbox 1104 2613 1249 2695; x_wconf 89' lang='lat' dir='ltr'><strong>proprie-</strong></span> 
     </span>
     <span class='ocr_line' id='line_1_27' title="bbox 127 2701 1250 2783; baseline 0.002 -19"><span class='ocrx_word' id='word_1_204' title='bbox 127 2703 207 2766; x_wconf 89' lang='lat' dir='ltr'><strong>tate.</strong></span> <span class='ocrx_word' id='word_1_205' title='bbox 225 2701 442 2783; x_wconf 89' lang='lat' dir='ltr'><strong>Proprietate,</strong></span> <span class='ocrx_word' id='word_1_206' title='bbox 456 2701 558 2767; x_wconf 84' lang='lat' dir='ltr'><strong>veluti·</strong></span> <span class='ocrx_word' id='word_1_207' title='bbox 570 2703 739 2781; x_wconf 89' lang='lat' dir='ltr'><strong>radicibus,</strong></span> <span class='ocrx_word' id='word_1_208' title='bbox 754 2704 850 2772; x_wconf 90' lang='lat' dir='ltr'><strong>bomo</strong></span> <span class='ocrx_word' id='word_1_209' title='bbox 865 2704 952 2769; x_wconf 92' lang='lat' dir='ltr'><strong>urbis</strong></span> <span class='ocrx_word' id='word_1_210' title='bbox 972 2704 1038 2768; x_wconf 91' lang='lat' dir='ltr'><strong>solo</strong></span> <span class='ocrx_word' id='word_1_211' title='bbox 1055 2701 1201 2767; x_wconf 89' lang='lat' dir='ltr'><strong>inhaeret</strong></span> <span class='ocrx_word' id='word_1_212' title='bbox 1217 2706 1250 2766; x_wconf 90' lang='lat' dir='ltr'><strong>et</strong></span> 
     </span>
    </p>
   </div>
   <div class='ocr_carea' id='block_1_6' title="bbox 126 2858 1263 4680">
    <p class='ocr_par' dir='ltr' id='par_1_8' title="bbox 126 2858 1263 4680">
     <span class='ocr_line' id='line_1_28' title="bbox 206 2858 1250 2938; baseline 0.003 -20"><span class='ocrx_word' id='word_1_213' title='bbox 206 2858 245 2934; x_wconf 82' lang='lat' dir='ltr'><strong>tal</strong></span> <span class='ocrx_word' id='word_1_214' title='bbox 265 2862 432 2934; x_wconf 86' lang='lat' dir='ltr'><strong>Perpetuam</strong></span> <span class='ocrx_word' id='word_1_215' title='bbox 448 2870 530 2936; x_wconf 86' lang='lat' dir='ltr'><strong>atque</strong></span> <span class='ocrx_word' id='word_1_216' title='bbox 555 2864 715 2924; x_wconf 87' lang='lat' dir='ltr'><strong>absolutum</strong></span> <span class='ocrx_word' id='word_1_217' title='bbox 730 2873 874 2924; x_wconf 90' lang='lat' dir='ltr'><strong>auctorum</strong></span> <span class='ocrx_word' id='word_1_218' title='bbox 888 2868 930 2924; x_wconf 89' lang='lat' dir='ltr'><strong>ius</strong></span> <span class='ocrx_word' id='word_1_219' title='bbox 951 2868 977 2924; x_wconf 92' lang='lat' dir='ltr'><strong>in</strong></span> <span class='ocrx_word' id='word_1_220' title='bbox 990 2865 1087 2938; x_wconf 89' lang='lat' dir='ltr'><strong>primis</strong></span> <span class='ocrx_word' id='word_1_221' title='bbox 1099 2865 1186 2922; x_wconf 86' lang='lat' dir='ltr'><strong>tuitus</strong></span> <span class='ocrx_word' id='word_1_222' title='bbox 1205 2869 1250 2921; x_wconf 88' lang='lat' dir='ltr'><strong>ast</strong></span> 
     </span>
     <span class='ocr_line' id='line_1_29' title="bbox 126 2933 1248 3016; baseline 0.003 -23"><span class='ocrx_word' id='word_1_223' title='bbox 126 2933 307 2996; x_wconf 79' lang='lat' dir='ltr'><strong>ll’lldrieourt</strong></span> <span class='ocrx_word' id='word_1_224' title='bbox 320 2941 346 2995; x_wconf 92' lang='lat' dir='ltr'><strong>in</strong></span> <span class='ocrx_word' id='word_1_225' title='bbox 359 2940 577 3013; x_wconf 78' lang='lat' dir='ltr'><strong>expostulatione</strong></span> <span class='ocrx_word' id='word_1_226' title='bbox 592 2941 626 2998; x_wconf 88' lang='lat' dir='ltr'><strong>ad</strong></span> <span class='ocrx_word' id='word_1_227' title='bbox 645 2943 751 3015; x_wconf 90' lang='lat' dir='ltr'><strong>regium</strong></span> <span class='ocrx_word' id='word_1_228' title='bbox 766 2943 916 3016; x_wconf 90' lang='lat' dir='ltr'><strong>sigillorum</strong></span> <span class='ocrx_word' id='word_1_229' title='bbox 928 2939 1082 3016; x_wconf 83' lang='lat' dir='ltr'><strong>custodem,</strong></span> <span class='ocrx_word' id='word_1_230' title='bbox 1101 2955 1183 3013; x_wconf 86' lang='lat' dir='ltr'><strong>quam</strong></span> <span class='ocrx_word' id='word_1_231' title='bbox 1197 2955 1248 2997; x_wconf 91' lang='lat' dir='ltr'><strong>no·</strong></span> 
     </span>
     <span class='ocr_line' id='line_1_30' title="bbox 129 3012 1245 3090; baseline 0.001 -22"><span class='ocrx_word' id='word_1_232' title='bbox 129 3013 205 3068; x_wconf 87' lang='lat' dir='ltr'><strong>minc</strong></span> <span class='ocrx_word' id='word_1_233' title='bbox 221 3012 431 3086; x_wconf 84' lang='lat' dir='ltr'><strong>bibliopolarum</strong></span> <span class='ocrx_word' id='word_1_234' title='bbox 446 3016 640 3074; x_wconf 84' lang='lat' dir='ltr'><strong>Parisiensium</strong></span> <span class='ocrx_word' id='word_1_235' title='bbox 658 3018 822 3090; x_wconf 88' lang='lat' dir='ltr'><strong>conscripsit</strong></span> <span class='ocrx_word' id='word_1_236' title='bbox 835 3034 906 3074; x_wconf 90' lang='lat' dir='ltr'><strong>anno</strong></span> <span class='ocrx_word' id='word_1_237' title='bbox 925 3016 995 3076; x_wconf 74' lang='lat' dir='ltr'><strong>liti</strong></span> <span class='ocrx_word' id='word_1_238' title='bbox 1011 3017 1081 3090; x_wconf 78' lang='lat' dir='ltr'><strong>(Op.</strong></span> <span class='ocrx_word' id='word_1_239' title='bbox 1090 3016 1200 3090; x_wconf 76' lang='lat' dir='ltr'><strong>posta,</strong></span> <span class='ocrx_word' id='word_1_240' title='bbox 1222 3021 1245 3073; x_wconf 89' lang='lat' dir='ltr'><strong>t.</strong></span> 
     </span>
     <span class='ocr_line' id='line_1_31' title="bbox 129 3087 1248 3165; baseline 0.002 -21"><span class='ocrx_word' id='word_1_241' title='bbox 129 3087 182 3160; x_wconf 83' lang='lat' dir='ltr'><strong>ill,</strong></span> <span class='ocrx_word' id='word_1_242' title='bbox 197 3103 225 3158; x_wconf 90' lang='lat' dir='ltr'><strong>p.</strong></span> <span class='ocrx_word' id='word_1_243' title='bbox 243 3090 354 3162; x_wconf 80' lang='grc' dir='ltr'>5Ι-ΙΙΙ.</span> <span class='ocrx_word' id='word_1_244' title='bbox 369 3094 410 3150; x_wconf 86' lang='lat' dir='ltr'><strong>Ex</strong></span> <span class='ocrx_word' id='word_1_245' title='bbox 422 3099 557 3164; x_wconf 90' lang='lat' dir='ltr'><strong>perpetua</strong></span> <span class='ocrx_word' id='word_1_246' title='bbox 570 3095 692 3150; x_wconf 87' lang='lat' dir='ltr'><strong>auctoris</strong></span> <span class='ocrx_word' id='word_1_247' title='bbox 706 3095 765 3150; x_wconf 87' lang='lat' dir='ltr'><strong>iure</strong></span> <span class='ocrx_word' id='word_1_248' title='bbox 775 3093 926 3165; x_wconf 80' lang='lat' dir='ltr'><strong>concludit,</strong></span> <span class='ocrx_word' id='word_1_249' title='bbox 939 3091 1113 3164; x_wconf 86' lang='lat' dir='ltr'><strong>bibliopolam</strong></span> <span class='ocrx_word' id='word_1_250' title='bbox 1123 3092 1168 3163; x_wconf 85' lang='lat' dir='ltr'><strong>qui</strong></span> <span class='ocrx_word' id='word_1_251' title='bbox 1178 3106 1248 3164; x_wconf 87' lang='lat' dir='ltr'><strong>opus</strong></span> 
     </span>
     <span class='ocr_line' id='line_1_32' title="bbox 127 3164 1249 3241; baseline 0.002 -21"><span class='ocrx_word' id='word_1_252' title='bbox 127 3164 165 3221; x_wconf 92' lang='lat' dir='ltr'><strong>ab</strong></span> <span class='ocrx_word' id='word_1_253' title='bbox 178 3170 458 3241; x_wconf 80' lang='lat' dir='ltr'><strong>auctoreacquisivit,</strong></span> <span class='ocrx_word' id='word_1_254' title='bbox 476 3170 503 3224; x_wconf 90' lang='lat' dir='ltr'><strong>in</strong></span> <span class='ocrx_word' id='word_1_255' title='bbox 521 3174 684 3240; x_wconf 88' lang='lat' dir='ltr'><strong>perpetuum</strong></span> <span class='ocrx_word' id='word_1_256' title='bbox 699 3169 781 3240; x_wconf 86' lang='lat' dir='ltr'><strong>patiri</strong></span> <span class='ocrx_word' id='word_1_257' title='bbox 798 3170 849 3226; x_wconf 91' lang='lat' dir='ltr'><strong>bac</strong></span> <span class='ocrx_word' id='word_1_258' title='bbox 862 3169 991 3239; x_wconf 79' lang='lat' dir='ltr'><strong>dominio,</strong></span> <span class='ocrx_word' id='word_1_259' title='bbox 1007 3165 1080 3240; x_wconf 89' lang='lat' dir='ltr'><strong>quod</strong></span> <span class='ocrx_word' id='word_1_260' title='bbox 1095 3167 1193 3223; x_wconf 87' lang='lat' dir='ltr'><strong>nemini</strong></span> <span class='ocrx_word' id='word_1_261' title='bbox 1215 3182 1249 3222; x_wconf 92' lang='lat' dir='ltr'><strong>u·</strong></span> 
     </span>
     <span class='ocr_line' id='line_1_33' title="bbox 131 3240 1246 3316; baseline 0.002 -22"><span class='ocrx_word' id='word_1_262' title='bbox 131 3255 250 3310; x_wconf 86' lang='lat' dir='ltr'><strong>surpare</strong></span> <span class='ocrx_word' id='word_1_263' title='bbox 265 3242 355 3300; x_wconf 88' lang='lat' dir='ltr'><strong>liceat.</strong></span> <span class='ocrx_word' id='word_1_264' title='bbox 370 3245 517 3302; x_wconf 85' lang='lat' dir='ltr'><strong>Novissime</strong></span> <span class='ocrx_word' id='word_1_265' title='bbox 530 3244 882 3315; x_wconf 87' lang='lat' dir='ltr'><strong>eamdemamplectebatur</strong></span> <span class='ocrx_word' id='word_1_266' title='bbox 895 3243 1059 3301; x_wconf 87' lang='lat' dir='ltr'><strong>sententiam</strong></span> <span class='ocrx_word' id='word_1_267' title='bbox 1070 3243 1165 3299; x_wconf 86' lang='lat' dir='ltr'><strong>Comte</strong></span> <span class='ocrx_word' id='word_1_268' title='bbox 1184 3240 1246 3316; x_wconf 77' lang='lat' dir='ltr'><strong>(at.</strong></span> 
     </span>
     <span class='ocr_line' id='line_1_34' title="bbox 130 3312 1249 3393; baseline 0.002 -22"><span class='ocrx_word' id='word_1_269' title='bbox 130 3312 168 3371; x_wconf 81' lang='lat' dir='ltr'><strong>de</strong></span> <span class='ocrx_word' id='word_1_270' title='bbox 181 3314 215 3372; x_wconf 84' lang='lat' dir='ltr'><strong>la</strong></span> <span class='ocrx_word' id='word_1_271' title='bbox 227 3319 401 3393; x_wconf 77' lang='lat' dir='ltr'><strong>Proprietel.</strong></span> <span class='ocrx_word' id='word_1_272' title='bbox 416 3318 469 3380; x_wconf 86' lang='lat' dir='ltr'><strong>Sed</strong></span> <span class='ocrx_word' id='word_1_273' title='bbox 486 3320 592 3377; x_wconf 87' lang='lat' dir='ltr'><strong>erudite</strong></span> <span class='ocrx_word' id='word_1_274' title='bbox 606 3336 639 3376; x_wconf 91' lang='lat' dir='ltr'><strong>ae</strong></span> <span class='ocrx_word' id='word_1_275' title='bbox 650 3319 737 3378; x_wconf 89' lang='lat' dir='ltr'><strong>solide</strong></span> <span class='ocrx_word' id='word_1_276' title='bbox 751 3319 948 3378; x_wconf 85' lang='lat' dir='ltr'><strong>eam-dissolvit</strong></span> <span class='ocrx_word' id='word_1_277' title='bbox 960 3317 1105 3376; x_wconf 85' lang='lat' dir='ltr'><strong>Renouard</strong></span> <span class='ocrx_word' id='word_1_278' title='bbox 1121 3314 1183 3390; x_wconf 74' lang='lat' dir='ltr'><strong>(u.</strong></span> <span class='ocrx_word' id='word_1_279' title='bbox 1198 3315 1249 3374; x_wconf 76' lang='lat' dir='ltr'><strong>des</strong></span> 
     </span>
     <span class='ocr_line' id='line_1_35' title="bbox 132 3389 1249 3470; baseline 0.003 -23"><span class='ocrx_word' id='word_1_280' title='bbox 132 3389 228 3449; x_wconf 77' lang='lat' dir='ltr'><strong>draus</strong></span> <span class='ocrx_word' id='word_1_281' title='bbox 240 3392 402 3468; x_wconf 82' lang='lat' dir='ltr'><strong>d&#39;auteur),</strong></span> <span class='ocrx_word' id='word_1_282' title='bbox 417 3396 462 3470; x_wconf 91' lang='lat' dir='ltr'><strong>qui</strong></span> <span class='ocrx_word' id='word_1_283' title='bbox 479 3394 546 3454; x_wconf 87' lang='lat' dir='ltr'><strong>hacc</strong></span> <span class='ocrx_word' id='word_1_284' title='bbox 560 3395 652 3468; x_wconf 81' lang='lat' dir='ltr'><strong>babet3</strong></span> <span class='ocrx_word' id='word_1_285' title='bbox 671 3417 682 3447; x_wconf 85' lang='lat' dir='ltr'><strong>a</strong></span> <span class='ocrx_word' id='word_1_286' title='bbox 699 3398 737 3453; x_wconf 90' lang='lat' dir='ltr'><strong>La</strong></span> <span class='ocrx_word' id='word_1_287' title='bbox 751 3392 902 3469; x_wconf 71' lang='lat' dir='ltr'><strong>perpituitt</strong></span> <span class='ocrx_word' id='word_1_288' title='bbox 917 3396 951 3452; x_wconf 89' lang='lat' dir='ltr'><strong>de</strong></span> <span class='ocrx_word' id='word_1_289' title='bbox 964 3411 995 3452; x_wconf 90' lang='lat' dir='ltr'><strong>ce</strong></span> <span class='ocrx_word' id='word_1_290' title='bbox 1009 3392 1082 3451; x_wconf 91' lang='lat' dir='ltr'><strong>droit</strong></span> <span class='ocrx_word' id='word_1_291' title='bbox 1091 3398 1200 3464; x_wconf 88' lang='lat' dir='ltr'><strong>compta</strong></span> <span class='ocrx_word' id='word_1_292' title='bbox 1214 3393 1249 3450; x_wconf 87' lang='lat' dir='ltr'><strong>ds</strong></span> 
     </span>
     <span class='ocr_line' id='line_1_36' title="bbox 133 3465 1248 3548; baseline 0.002 -26"><span class='ocrx_word' id='word_1_293' title='bbox 133 3465 194 3522; x_wconf 77' lang='lat' dir='ltr'><strong>tres</strong></span> <span class='ocrx_word' id='word_1_294' title='bbox 207 3469 357 3525; x_wconf 85' lang='lat' dir='ltr'><strong>nombreux</strong></span> <span class='ocrx_word' id='word_1_295' title='bbox 371 3473 519 3543; x_wconf 87' lang='lat' dir='ltr'><strong>partisaas.</strong></span> <span class='ocrx_word' id='word_1_296' title='bbox 544 3473 616 3529; x_wconf 86' lang='lat' dir='ltr'><strong>bear</strong></span> <span class='ocrx_word' id='word_1_297' title='bbox 630 3470 747 3548; x_wconf 75' lang='lat' dir='ltr'><strong>systema</strong></span> <span class='ocrx_word' id='word_1_298' title='bbox 762 3479 805 3530; x_wconf 84' lang='lat' dir='ltr'><strong>est</strong></span> <span class='ocrx_word' id='word_1_299' title='bbox 818 3471 895 3530; x_wconf 89' lang='lat' dir='ltr'><strong>lacile</strong></span> <span class='ocrx_word' id='word_1_300' title='bbox 909 3468 1074 3530; x_wconf 79' lang='lat' dir='ltr'><strong>ilormuler:</strong></span> <span class='ocrx_word' id='word_1_301' title='bbox 1090 3466 1157 3524; x_wconf 86' lang='lat' dir='ltr'><strong>c’est</strong></span> <span class='ocrx_word' id='word_1_302' title='bbox 1177 3467 1248 3526; x_wconf 89' lang='lat' dir='ltr'><strong>celui</strong></span> 
     </span>
     <span class='ocr_line' id='line_1_37' title="bbox 131 3541 1249 3619; baseline 0.001 -19"><span class='ocrx_word' id='word_1_303' title='bbox 131 3541 167 3600; x_wconf 87' lang='lat' dir='ltr'><strong>de</strong></span> <span class='ocrx_word' id='word_1_304' title='bbox 181 3542 208 3598; x_wconf 91' lang='lat' dir='ltr'><strong>la</strong></span> <span class='ocrx_word' id='word_1_305' title='bbox 221 3541 358 3614; x_wconf 75' lang='lat' dir='ltr'><strong>proprisit</strong></span> <span class='ocrx_word' id='word_1_306' title='bbox 370 3561 434 3604; x_wconf 85' lang='lat' dir='ltr'><strong>avec</strong></span> <span class='ocrx_word' id='word_1_307' title='bbox 447 3553 509 3603; x_wconf 88' lang='lat' dir='ltr'><strong>tous</strong></span> <span class='ocrx_word' id='word_1_308' title='bbox 527 3563 571 3604; x_wconf 87' lang='lat' dir='ltr'><strong>ses</strong></span> <span class='ocrx_word' id='word_1_309' title='bbox 585 3545 745 3605; x_wconf 80' lang='lat' dir='ltr'><strong>caracteres</strong></span> <span class='ocrx_word' id='word_1_310' title='bbox 757 3546 919 3619; x_wconf 83' lang='lat' dir='ltr'><strong>juridtqnss,</strong></span> <span class='ocrx_word' id='word_1_311' title='bbox 933 3546 958 3604; x_wconf 94' lang='lat' dir='ltr'><strong>la</strong></span> <span class='ocrx_word' id='word_1_312' title='bbox 971 3541 1209 3616; x_wconf 82' lang='lat' dir='ltr'><strong>transmissibilitt‚</strong></span> <span class='ocrx_word' id='word_1_313' title='bbox 1222 3542 1249 3601; x_wconf 84' lang='lat' dir='ltr'><strong>la</strong></span> 
     </span>
     <span class='ocr_line' id='line_1_38' title="bbox 132 3616 1250 3696; baseline 0.002 -23"><span class='ocrx_word' id='word_1_314' title='bbox 132 3618 298 3694; x_wconf 77' lang='lat' dir='ltr'><strong>perpetuito,</strong></span> <span class='ocrx_word' id='word_1_315' title='bbox 311 3619 511 3680; x_wconf 75' lang='lat' dir='ltr'><strong>l&#39;inriolabilitd.</strong></span> <span class='ocrx_word' id='word_1_316' title='bbox 523 3625 561 3680; x_wconf 86' lang='lat' dir='ltr'><strong>La</strong></span> <span class='ocrx_word' id='word_1_317' title='bbox 568 3623 675 3696; x_wconf 84' lang='lat' dir='ltr'><strong>grande</strong></span> <span class='ocrx_word' id='word_1_318' title='bbox 685 3622 812 3694; x_wconf 76' lang='lat' dir='ltr'><strong>majoritd</strong></span> <span class='ocrx_word' id='word_1_319' title='bbox 822 3621 1016 3680; x_wconf 75' lang='lat' dir='ltr'><strong>desocrivains&#39;</strong></span> <span class='ocrx_word' id='word_1_320' title='bbox 1020 3636 1035 3676; x_wconf 92' lang='lat' dir='ltr'><strong>a</strong></span> <span class='ocrx_word' id='word_1_321' title='bbox 1043 3616 1185 3677; x_wconf 80' lang='lat' dir='ltr'><strong>ambrasst</strong></span> <span class='ocrx_word' id='word_1_322' title='bbox 1192 3624 1250 3675; x_wconf 89' lang='lat' dir='ltr'><strong>cet·</strong></span> 
     </span>
     <span class='ocr_line' id='line_1_39' title="bbox 133 3692 1254 3773; baseline 0.001 -23"><span class='ocrx_word' id='word_1_323' title='bbox 133 3703 163 3750; x_wconf 87' lang='lat' dir='ltr'><strong>tc</strong></span> <span class='ocrx_word' id='word_1_324' title='bbox 176 3697 322 3766; x_wconf 90' lang='lat' dir='ltr'><strong>opinion...</strong></span> <span class='ocrx_word' id='word_1_325' title='bbox 337 3696 524 3769; x_wconf 85' lang='lat' dir='ltr'><strong>L’expression</strong></span> <span class='ocrx_word' id='word_1_326' title='bbox 538 3699 572 3755; x_wconf 88' lang='lat' dir='ltr'><strong>dc</strong></span> <span class='ocrx_word' id='word_1_327' title='bbox 584 3699 736 3773; x_wconf 72' lang='lat' dir='ltr'><strong>proprittc</strong></span> <span class='ocrx_word' id='word_1_328' title='bbox 748 3700 897 3756; x_wconf 76' lang='lat' dir='ltr'><strong>litteratae</strong></span> <span class='ocrx_word' id='word_1_329' title='bbox 913 3704 957 3755; x_wconf 88' lang='lat' dir='ltr'><strong>est</strong></span> <span class='ocrx_word' id='word_1_330' title='bbox 970 3693 1062 3753; x_wconf 85' lang='lat' dir='ltr'><strong>entre&#39;e</strong></span> <span class='ocrx_word' id='word_1_331' title='bbox 1076 3693 1145 3752; x_wconf 86' lang='lat' dir='ltr'><strong>dans</strong></span> <span class='ocrx_word' id='word_1_332' title='bbox 1158 3695 1182 3753; x_wconf 89' lang='lat' dir='ltr'><strong>la</strong></span> <span class='ocrx_word' id='word_1_333' title='bbox 1193 3692 1254 3751; x_wconf 90' lang='lat' dir='ltr'><strong>lan·</strong></span> 
     </span>
     <span class='ocr_line' id='line_1_40' title="bbox 134 3768 1254 3849; baseline 0.001 -24"><span class='ocrx_word' id='word_1_334' title='bbox 134 3784 200 3844; x_wconf 80' lang='lat' dir='ltr'><strong>gue‚</strong></span> <span class='ocrx_word' id='word_1_335' title='bbox 209 3777 238 3827; x_wconf 88' lang='lat' dir='ltr'><strong>et</strong></span> <span class='ocrx_word' id='word_1_336' title='bbox 249 3768 394 3842; x_wconf 83' lang='lat' dir='ltr'><strong>l’adnptian</strong></span> <span class='ocrx_word' id='word_1_337' title='bbox 408 3773 443 3832; x_wconf 88' lang='lat' dir='ltr'><strong>da</strong></span> <span class='ocrx_word' id='word_1_338' title='bbox 454 3789 501 3831; x_wconf 88' lang='lat' dir='ltr'><strong>ces</strong></span> <span class='ocrx_word' id='word_1_339' title='bbox 512 3781 593 3847; x_wconf 80' lang='lat' dir='ltr'><strong>mats,</strong></span> <span class='ocrx_word' id='word_1_340' title='bbox 608 3775 713 3849; x_wconf 87' lang='lat' dir='ltr'><strong>quinat</strong></span> <span class='ocrx_word' id='word_1_341' title='bbox 724 3773 835 3847; x_wconf 80' lang='lat' dir='ltr'><strong>prtmlu</strong></span> <span class='ocrx_word' id='word_1_342' title='bbox 846 3772 914 3832; x_wconf 85' lang='lat' dir='ltr'><strong>dans</strong></span> <span class='ocrx_word' id='word_1_343' title='bbox 925 3770 1037 3844; x_wconf 82' lang='lat' dir='ltr'><strong>Pasage,</strong></span> <span class='ocrx_word' id='word_1_344' title='bbox 1047 3770 1157 3842; x_wconf 85' lang='lat' dir='ltr'><strong>indique</strong></span> <span class='ocrx_word' id='word_1_345' title='bbox 1168 3768 1193 3826; x_wconf 93' lang='lat' dir='ltr'><strong>la</strong></span> <span class='ocrx_word' id='word_1_346' title='bbox 1204 3784 1254 3839; x_wconf 88' lang='lat' dir='ltr'><strong>po·</strong></span> 
     </span>
     <span class='ocr_line' id='line_1_41' title="bbox 136 3843 1254 3924; baseline 0.003 -24"><span class='ocrx_word' id='word_1_347' title='bbox 136 3843 253 3916; x_wconf 75' lang='lat' dir='ltr'><strong>palaritt</strong></span> <span class='ocrx_word' id='word_1_348' title='bbox 266 3847 301 3904; x_wconf 89' lang='lat' dir='ltr'><strong>de</strong></span> <span class='ocrx_word' id='word_1_349' title='bbox 318 3845 444 3919; x_wconf 86' lang='lat' dir='ltr'><strong>l’opiaion</strong></span> <span class='ocrx_word' id='word_1_350' title='bbox 458 3847 521 3921; x_wconf 84' lang='lat' dir='ltr'><strong>qu’il</strong></span> <span class='ocrx_word' id='word_1_351' title='bbox 534 3852 701 3922; x_wconf 83' lang='lat' dir='ltr'><strong>expriment.</strong></span> <span class='ocrx_word' id='word_1_352' title='bbox 718 3873 729 3902; x_wconf 72' lang='lat' dir='ltr'><strong>s</strong></span> <span class='ocrx_word' id='word_1_353' title='bbox 748 3849 859 3908; x_wconf 81' lang='lat' dir='ltr'><strong>Deinde:</strong></span> <span class='ocrx_word' id='word_1_354' title='bbox 879 3870 890 3901; x_wconf 80' lang='lat' dir='ltr'><strong>a</strong></span> <span class='ocrx_word' id='word_1_355' title='bbox 913 3851 948 3906; x_wconf 83' lang='lat' dir='ltr'><strong>be</strong></span> <span class='ocrx_word' id='word_1_356' title='bbox 966 3845 1082 3924; x_wconf 74' lang='lat' dir='ltr'><strong>systema</strong></span> <span class='ocrx_word' id='word_1_357' title='bbox 1096 3844 1164 3914; x_wconf 83' lang='lat' dir='ltr'><strong>d’un</strong></span> <span class='ocrx_word' id='word_1_358' title='bbox 1180 3843 1254 3903; x_wconf 89' lang='lat' dir='ltr'><strong>droit</strong></span> 
     </span>
     <span class='ocr_line' id='line_1_42' title="bbox 137 3920 1256 3997; baseline 0.003 -21"><span class='ocrx_word' id='word_1_359' title='bbox 137 3923 305 3992; x_wconf 89' lang='lat' dir='ltr'><strong>temporaire</strong></span> <span class='ocrx_word' id='word_1_360' title='bbox 320 3939 335 3979; x_wconf 89' lang='lat' dir='ltr'><strong>a</strong></span> <span class='ocrx_word' id='word_1_361' title='bbox 348 3920 404 3995; x_wconf 84' lang='lat' dir='ltr'><strong>joui</strong></span> <span class='ocrx_word' id='word_1_362' title='bbox 417 3923 451 3982; x_wconf 90' lang='lat' dir='ltr'><strong>de</strong></span> <span class='ocrx_word' id='word_1_363' title='bbox 466 3921 524 3981; x_wconf 76' lang='lat' dir='ltr'><strong>tros</strong></span> <span class='ocrx_word' id='word_1_364' title='bbox 538 3940 590 3995; x_wconf 89' lang='lat' dir='ltr'><strong>peu</strong></span> <span class='ocrx_word' id='word_1_365' title='bbox 603 3925 637 3984; x_wconf 87' lang='lat' dir='ltr'><strong>de</strong></span> <span class='ocrx_word' id='word_1_366' title='bbox 650 3923 908 3997; x_wconf 78' lang='lat' dir='ltr'><strong>lsreurauprbsdcs</strong></span> <span class='ocrx_word' id='word_1_367' title='bbox 919 3922 1063 3996; x_wconf 80' lang='lat' dir='ltr'><strong>tariraias3</strong></span> <span class='ocrx_word' id='word_1_368' title='bbox 1074 3923 1153 3992; x_wconf 80' lang='lat' dir='ltr'><strong>roais,</strong></span> <span class='ocrx_word' id='word_1_369' title='bbox 1164 3937 1197 3978; x_wconf 88' lang='lat' dir='ltr'><strong>cn</strong></span> <span class='ocrx_word' id='word_1_370' title='bbox 1209 3936 1256 3979; x_wconf 87' lang='lat' dir='ltr'><strong>rs·</strong></span> 
     </span>
     <span class='ocr_line' id='line_1_43' title="bbox 138 3993 1254 4078; baseline 0.001 -27"><span class='ocrx_word' id='word_1_371' title='bbox 138 3999 256 4067; x_wconf 83' lang='lat' dir='ltr'><strong>vaacbc,</strong></span> <span class='ocrx_word' id='word_1_372' title='bbox 272 3997 290 4054; x_wconf 92' lang='lat' dir='ltr'><strong>il</strong></span> <span class='ocrx_word' id='word_1_373' title='bbox 304 4015 320 4054; x_wconf 88' lang='lat' dir='ltr'><strong>a</strong></span> <span class='ocrx_word' id='word_1_374' title='bbox 333 4000 494 4059; x_wconf 89' lang='lat' dir='ltr'><strong>bautement</strong></span> <span class='ocrx_word' id='word_1_375' title='bbox 509 3997 621 4072; x_wconf 83' lang='lat' dir='ltr'><strong>prtaala</strong></span> <span class='ocrx_word' id='word_1_376' title='bbox 634 4000 705 4058; x_wconf 90' lang='lat' dir='ltr'><strong>dans</strong></span> <span class='ocrx_word' id='word_1_377' title='bbox 720 4002 745 4058; x_wconf 94' lang='lat' dir='ltr'><strong>la</strong></span> <span class='ocrx_word' id='word_1_378' title='bbox 760 4000 922 4078; x_wconf 77' lang='lat' dir='ltr'><strong>legislation.</strong></span> <span class='ocrx_word' id='word_1_379' title='bbox 937 3997 1010 4057; x_wconf 77' lang='lat' dir='ltr'><strong>ll’est</strong></span> <span class='ocrx_word' id='word_1_380' title='bbox 1025 3998 1050 4055; x_wconf 89' lang='lat' dir='ltr'><strong>la</strong></span> <span class='ocrx_word' id='word_1_381' title='bbox 1060 3997 1133 4057; x_wconf 86' lang='lat' dir='ltr'><strong>droit</strong></span> <span class='ocrx_word' id='word_1_382' title='bbox 1143 3993 1254 4068; x_wconf 77' lang='lat' dir='ltr'><strong>genam</strong></span> 
     </span>
     <span class='ocr_line' id='line_1_44' title="bbox 137 4070 1257 4147; baseline 0.001 -18"><span class='ocrx_word' id='word_1_383' title='bbox 137 4070 174 4130; x_wconf 88' lang='lat' dir='ltr'><strong>dc</strong></span> <span class='ocrx_word' id='word_1_384' title='bbox 186 4078 249 4130; x_wconf 85' lang='lat' dir='ltr'><strong>tous</strong></span> <span class='ocrx_word' id='word_1_385' title='bbox 264 4072 304 4131; x_wconf 88' lang='lat' dir='ltr'><strong>les</strong></span> <span class='ocrx_word' id='word_1_386' title='bbox 317 4076 466 4147; x_wconf 89' lang='lat' dir='ltr'><strong>peuples...</strong></span> <span class='ocrx_word' id='word_1_387' title='bbox 482 4074 527 4133; x_wconf 84' lang='lat' dir='ltr'><strong>S’rl</strong></span> <span class='ocrx_word' id='word_1_388' title='bbox 541 4075 625 4132; x_wconf 89' lang='lat' dir='ltr'><strong>lallait</strong></span> <span class='ocrx_word' id='word_1_389' title='bbox 637 4093 667 4132; x_wconf 87' lang='lat' dir='ltr'><strong>sc</strong></span> <span class='ocrx_word' id='word_1_390' title='bbox 681 4074 795 4135; x_wconf 73' lang='lat' dir='ltr'><strong>decider</strong></span> <span class='ocrx_word' id='word_1_391' title='bbox 808 4074 917 4146; x_wconf 80' lang='lat' dir='ltr'><strong>d’aprbs</strong></span> <span class='ocrx_word' id='word_1_392' title='bbox 939 4071 1081 4144; x_wconf 77' lang='lat' dir='ltr'><strong>l’autoritt,</strong></span> <span class='ocrx_word' id='word_1_393' title='bbox 1095 4071 1122 4143; x_wconf 81' lang='lat' dir='ltr'><strong>ia</strong></span> <span class='ocrx_word' id='word_1_394' title='bbox 1136 4070 1257 4130; x_wconf 75' lang='lat' dir='ltr'><strong>n’btsitc</strong></span> 
     </span>
     <span class='ocr_line' id='line_1_45' title="bbox 137 4144 1257 4223; baseline 0 -19"><span class='ocrx_word' id='word_1_395' title='bbox 137 4162 189 4220; x_wconf 88' lang='lat' dir='ltr'><strong>pas</strong></span> <span class='ocrx_word' id='word_1_396' title='bbox 202 4149 219 4205; x_wconf 82' lang='lat' dir='ltr'><strong>i</strong></span> <span class='ocrx_word' id='word_1_397' title='bbox 232 4149 290 4206; x_wconf 88' lang='lat' dir='ltr'><strong>dire</strong></span> <span class='ocrx_word' id='word_1_398' title='bbox 310 4166 363 4223; x_wconf 89' lang='lat' dir='ltr'><strong>que</strong></span> <span class='ocrx_word' id='word_1_399' title='bbox 378 4151 405 4209; x_wconf 88' lang='lat' dir='ltr'><strong>la</strong></span> <span class='ocrx_word' id='word_1_400' title='bbox 420 4151 544 4223; x_wconf 81' lang='lat' dir='ltr'><strong>partique</strong></span> <span class='ocrx_word' id='word_1_401' title='bbox 557 4151 722 4209; x_wconf 83' lang='lat' dir='ltr'><strong>universalis</strong></span> <span class='ocrx_word' id='word_1_402' title='bbox 736 4153 785 4212; x_wconf 88' lang='lat' dir='ltr'><strong>des</strong></span> <span class='ocrx_word' id='word_1_403' title='bbox 800 4152 908 4209; x_wconf 88' lang='lat' dir='ltr'><strong>nations</strong></span> <span class='ocrx_word' id='word_1_404' title='bbox 921 4149 1055 4208; x_wconf 78' lang='lat' dir='ltr'><strong>delairdes</strong></span> <span class='ocrx_word' id='word_1_405' title='bbox 1073 4148 1179 4208; x_wconf 81' lang='lat' dir='ltr'><strong>dormit</strong></span> <span class='ocrx_word' id='word_1_406' title='bbox 1198 4144 1257 4206; x_wconf 71' lang='lat' dir='ltr'><strong>otro</strong></span> 
     </span>
     <span class='ocr_line' id='line_1_46' title="bbox 137 4220 1257 4300; baseline -0.007 -15"><span class='ocrx_word' id='word_1_407' title='bbox 137 4222 203 4285; x_wconf 82' lang='lat' dir='ltr'><strong>d’ua</strong></span> <span class='ocrx_word' id='word_1_408' title='bbox 216 4224 356 4298; x_wconf 89' lang='lat' dir='ltr'><strong>beaucoup</strong></span> <span class='ocrx_word' id='word_1_409' title='bbox 371 4227 432 4298; x_wconf 90' lang='lat' dir='ltr'><strong>plns</strong></span> <span class='ocrx_word' id='word_1_410' title='bbox 445 4226 535 4298; x_wconf 91' lang='lat' dir='ltr'><strong>grand</strong></span> <span class='ocrx_word' id='word_1_411' title='bbox 550 4225 628 4298; x_wconf 91' lang='lat' dir='ltr'><strong>poids</strong></span> <span class='ocrx_word' id='word_1_412' title='bbox 640 4242 693 4300; x_wconf 85' lang='lat' dir='ltr'><strong>que</strong></span> <span class='ocrx_word' id='word_1_413' title='bbox 707 4226 826 4286; x_wconf 85' lang='lat' dir='ltr'><strong>l&#39;accord</strong></span> <span class='ocrx_word' id='word_1_414' title='bbox 840 4226 889 4284; x_wconf 87' lang='lat' dir='ltr'><strong>des</strong></span> <span class='ocrx_word' id='word_1_415' title='bbox 903 4223 1078 4297; x_wconf 73' lang='lat' dir='ltr'><strong>tiberialem,</strong></span> <span class='ocrx_word' id='word_1_416' title='bbox 1100 4220 1257 4280; x_wconf 86' lang='lat' dir='ltr'><strong>lassant-ils</strong></span> 
     </span>
     <span class='ocr_line' id='line_1_47' title="bbox 138 4296 1258 4376; baseline -0.004 -19"><span class='ocrx_word' id='word_1_417' title='bbox 138 4305 203 4357; x_wconf 89' lang='lat' dir='ltr'><strong>tous</strong></span> <span class='ocrx_word' id='word_1_418' title='bbox 215 4301 354 4357; x_wconf 85' lang='lat' dir='ltr'><strong>unanimes</strong></span> <span class='ocrx_word' id='word_1_419' title='bbox 370 4324 381 4354; x_wconf 74' lang='lat' dir='ltr'><strong>s</strong></span> <span class='ocrx_word' id='word_1_420' title='bbox 397 4304 472 4376; x_wconf 78' lang='lat' dir='ltr'><strong>lboc.</strong></span> <span class='ocrx_word' id='word_1_421' title='bbox 489 4303 552 4373; x_wconf 81' lang='lat' dir='ltr'><strong>eit,</strong></span> <span class='ocrx_word' id='word_1_422' title='bbox 568 4318 597 4373; x_wconf 92' lang='lat' dir='ltr'><strong>p.</strong></span> <span class='ocrx_word' id='word_1_423' title='bbox 613 4303 680 4374; x_wconf 78' lang='lat' dir='ltr'><strong>lta,</strong></span> <span class='ocrx_word' id='word_1_424' title='bbox 697 4303 774 4375; x_wconf 81' lang='lat' dir='ltr'><strong>last.</strong></span> <span class='ocrx_word' id='word_1_425' title='bbox 791 4305 946 4362; x_wconf 85' lang='lat' dir='ltr'><strong>Generatim</strong></span> <span class='ocrx_word' id='word_1_426' title='bbox 958 4301 1006 4358; x_wconf 81' lang='lat' dir='ltr'><strong>sibi</strong></span> <span class='ocrx_word' id='word_1_427' title='bbox 1018 4301 1097 4359; x_wconf 88' lang='lat' dir='ltr'><strong>nimis</strong></span> <span class='ocrx_word' id='word_1_428' title='bbox 1113 4296 1258 4369; x_wconf 88' lang='lat' dir='ltr'><strong>indulgent</strong></span> 
     </span>
     <span class='ocr_line' id='line_1_48' title="bbox 430 4371 1258 4525; baseline -0.001 -18.26"><span class='ocrx_word' id='word_1_429' title='bbox 430 4371 1258 4525; x_wconf 60' lang='lat' dir='ltr'><strong>lltlllttltllltltt“lititttslmttllt</strong></span> 
     </span>
     <span class='ocr_line' id='line_1_49' title="bbox 140 4524 1256 4607; baseline -0.003 -24"><span class='ocrx_word' id='word_1_430' title='bbox 140 4526 223 4598; x_wconf 85' lang='lat' dir='ltr'><strong>toret,</strong></span> <span class='ocrx_word' id='word_1_431' title='bbox 238 4541 284 4599; x_wconf 81' lang='lat' dir='ltr'><strong>ae,</strong></span> <span class='ocrx_word' id='word_1_432' title='bbox 299 4527 358 4584; x_wconf 84' lang='lat' dir='ltr'><strong>aiva</strong></span> <span class='ocrx_word' id='word_1_433' title='bbox 371 4535 454 4602; x_wconf 84' lang='lat' dir='ltr'><strong>atqua</strong></span> <span class='ocrx_word' id='word_1_434' title='bbox 465 4528 551 4587; x_wconf 90' lang='lat' dir='ltr'><strong>luscio</strong></span> <span class='ocrx_word' id='word_1_435' title='bbox 562 4537 685 4600; x_wconf 81' lang='lat' dir='ltr'><strong>auctore,</strong></span> <span class='ocrx_word' id='word_1_436' title='bbox 697 4532 755 4588; x_wconf 87' lang='lat' dir='ltr'><strong>eius</strong></span> <span class='ocrx_word' id='word_1_437' title='bbox 766 4541 850 4602; x_wconf 87' lang='lat' dir='ltr'><strong>opera</strong></span> <span class='ocrx_word' id='word_1_438' title='bbox 859 4529 1027 4607; x_wconf 74' lang='lat' dir='ltr'><strong>typisdcaua</strong></span> <span class='ocrx_word' id='word_1_439' title='bbox 1037 4524 1256 4598; x_wconf 74' lang='lat' dir='ltr'><strong>committantur,</strong></span> 
     </span>
     <span class='ocr_line' id='line_1_50' title="bbox 141 4601 1263 4680; baseline 0.012 -22"><span class='ocrx_word' id='word_1_440' title='bbox 141 4609 171 4658; x_wconf 88' lang='lat' dir='ltr'><strong>at</strong></span> <span class='ocrx_word' id='word_1_441' title='bbox 185 4601 302 4663; x_wconf 81' lang='lat' dir='ltr'><strong>incultas</strong></span> <span class='ocrx_word' id='word_1_442' title='bbox 317 4603 390 4664; x_wconf 85' lang='lat' dir='ltr'><strong>adsit</strong></span> <span class='ocrx_word' id='word_1_443' title='bbox 404 4605 554 4680; x_wconf 87' lang='lat' dir='ltr'><strong>scriptaad</strong></span> <span class='ocrx_word' id='word_1_444' title='bbox 568 4605 693 4666; x_wconf 84' lang='lat' dir='ltr'><strong>incudem</strong></span> <span class='ocrx_word' id='word_1_445' title='bbox 708 4605 862 4667; x_wconf 85' lang='lat' dir='ltr'><strong>revocandi.</strong></span> <span class='ocrx_word' id='word_1_446' title='bbox 1240 4619 1242 4624; x_wconf 85' lang='grc'><strong><em>·</em></strong></span> <span class='ocrx_word' id='word_1_447' title='bbox 1259 4619 1263 4624; x_wconf 86' lang='grc'><em>“</em></span> 
     </span>
    </p>
   </div>
   <div class='ocr_carea' id='block_1_7' title="bbox 0 0 1651 5282">
    <p class='ocr_par' dir='ltr' id='par_1_9' title="bbox 0 0 1651 5282">
     <span class='ocr_line' id='line_1_51' title="bbox 0 0 1651 5282; baseline 0 0"><span class='ocrx_word' id='word_1_448' title='bbox 0 0 1651 5282; x_wconf 95' lang='lat' dir='ltr'><strong> </strong></span> 
     </span>
    </p>
   </div>
  </div>
 </body>
</html>
