3224 5282
581 299 764 352 rrrnmsx.
1145 281 1187 348 79

205 447 402 518 lilibeum
423 465 547 532 sperma
572 447 731 514 continuis
751 447 995 534 sophismatibus
1015 447 1082 513 eius
1097 447 1232 514 dominii

115 539 219 603 ideam
228 540 361 620 erpelle;
373 539 475 622 ipsum
485 555 548 601 non
557 555 622 602 esse
631 539 781 615 locutum,
790 539 918 621 eiusque
928 537 1116 619 religionem
1124 538 1234 603 buma-

115 645 191 691 num
204 645 269 692 esse
284 629 460 700 inventum,
474 626 600 691 auribus
614 627 785 703 insusuma3
807 626 955 692 historias
970 644 1078 691 omnes
1090 644 1234 692 corrum-

115 734 167 797 pe,
178 716 345 781 calumniis
353 722 386 782 et
394 715 544 781 sabulosis
557 715 792 780 narrationibus
800 714 1104 791 venenuminlunde;
1114 715 1236 792 animos

114 805 328 886 voluptatibus
342 805 473 879 amulae,
489 809 524 869 ut
537 804 615 868 fides
630 805 775 869 concidat
790 823 862 869 cum
878 805 1056 869 futurorum
1068 822 1123 886 spe
1134 805 1182 871 vel
1193 804 1235 868 ti-

116 893 306 958 morezbaec
317 893 395 958 fiant
411 893 486 978 (irno
498 892 580 957 lacta
592 892 687 970 sunl),
702 899 735 958 et
750 895 885 959 societas
901 898 1045 975 erumpet
1061 898 1096 958 ut
1112 898 1237 958 torrens

117 981 291 1047 exundans.
302 982 414 1048 Exciso
425 981 591 1062 religione,
599 982 675 1062 quid
686 981 851 1047 bominum
864 979 946 1064 leges
958 982 1141 1063 proficienti
1152 981 1236 1062 Quid

118 1070 158 1135 de
174 1070 309 1144 familia,
326 1070 365 1134 de
381 1070 532 1144 moribus,
548 1070 586 1134 de
601 1070 745 1154 imperiis
760 1072 831 1137 fieti
842 1070 1080 1138 Sanctissimum
1095 1070 1237 1151 coniugii

119 1158 230 1223 foedus
241 1159 406 1242 abrumpet
419 1158 528 1234 libido,
540 1157 654 1224 irustra
666 1159 843 1225 interiectis
857 1160 975 1241 legibus
986 1161 1182 1226 matrimonii
1192 1161 1237 1223 ei-

118 1247 203 1325 oilis,
219 1265 315 1328 quum
330 1246 496 1312 bominum
511 1266 643 1328 corpora
655 1253 688 1314 et
700 1250 875 1314 voluntates
889 1250 972 1314 solus
983 1251 1078 1324 Deus,
1097 1267 1161 1314 non
1175 1253 1238 1313 ter-

118 1353 173 1404 rae
188 1336 402 1399 dominatores
418 1336 609 1418 possideant.
634 1337 781 1402 Hominis
796 1337 891 1413 lilius,
918 1339 1081 1404 brutorum
1097 1338 1172 1402 liliis
1188 1354 1240 1400 ae-

118 1424 281 1507 quabitur,
296 1425 352 1507 qui
367 1429 513 1506 parentes
527 1425 669 1491 dimittet
682 1445 754 1490 cum
766 1426 826 1491 sibi
837 1427 907 1490 cibo
920 1432 953 1492 et
965 1427 1081 1492 viribus
1092 1426 1236 1491 sufficiet.

119 1513 273 1593 Princeps
289 1530 307 1576 a
322 1517 470 1597 tyranno,
488 1514 573 1579 dives
587 1531 605 1578 a
620 1514 742 1580 latrone
759 1534 821 1580 nou
837 1515 1150 1581 discriminabuotur.
1168 1514 1239 1594 Quo

120 1601 208 1678 enirn
225 1601 332 1676 titulo,
351 1603 574 1669 anctoritatem
589 1604 655 1678 ille,
673 1604 726 1668 bic
741 1603 868 1670 divitias
883 1604 1033 1685 possidet,
1051 1605 1078 1668 si
1094 1605 1179 1669 nulla
1191 1621 1242 1667 su-

121 1690 231 1772 perior
242 1689 422 1755 bominibus
434 1691 496 1766 lex,
514 1693 740 1776 imperantium
752 1694 801 1760 vel
812 1693 1041 1774 possidentium
1053 1695 1122 1759 iura
1134 1694 1242 1757 firma-

121 1777 309 1848 verithum
325 1783 431 1844 autem
444 1780 506 1844 huc
522 1787 650 1848 ventum
666 1782 774 1858 luerit,
786 1781 861 1866 quid
876 1783 1033 1866 reliquum
1051 1781 1195 1860 crit‚uisi
1208 1786 1242 1844 ut

120 1866 255 1933 societas
277 1868 476 1943 dissolvatur,
495 1869 543 1934 vel
559 1871 792 1944 absolutissima
807 1872 982 1948 coactione,
1007 1870 1055 1937 uti
1070 1871 1243 1937 belluarum

120 1974 247 2038 agmen,
267 1956 485 2022 contineatur?
501 1956 512 2041 (
531 1956 554 2041 l.
837 2033 841 2038 ¹
1121 2015 1125 2021 .

159 2133 182 2198 Ι.
208 2046 299 2147 Ergo
315 2063 463 2127 maguum
478 2047 527 2111 ius
542 2043 697 2129 gentium,
720 2067 783 2134 quo
799 2067 863 2115 uno
878 2048 1018 2131 quiescet
1032 2048 1180 2121 societas,
1198 2052 1245 2110 est

122 2151 156 2198 re
172 2151 252 2215 rgro.

217 3699 377 3776 titillabat,
393 3712 446 3758 non
462 3699 499 3759 ita
511 3699 628 3775 pridem¹
644 3697 735 3774 mavis
747 3695 922 3769 pbilosopbus
935 3695 1157 3774 Royan-Collum:
1169 3719 1181 3749 a
1191 3698 1244 3754 No-

132 3786 175 3837 tre
189 3777 301 3835 histoire
315 3784 358 3835 est
368 3777 464 3847 depuis
478 3777 623 3848 eloquente
637 3791 685 3832 ans
699 3774 727 3830 la
738 3772 800 3844 plus
814 3773 918 3844 grande
931 3770 1004 3842 eccle
1017 3771 1236 3831 d’imuroralitt.»

131 3855 277 3926 idemque,
296 3854 377 3922 morti
393 3855 446 3908 iam
460 3853 609 3924 proximus,
630 3867 664 3908 ex
678 3851 731 3905 imo
744 3849 825 3905 corde
844 3851 911 3905 baec
924 3849 1012 3919 nepoti
1027 3849 1242 3906 commendabat:

134 3932 183 3987 «Si
197 3945 267 3984 vous
281 3945 345 3985 avez
359 3928 385 3984 le
400 3927 522 3984 malbeur
535 3928 569 3984 de
583 3943 649 3984 rous
663 3924 770 3983 acarter
783 3923 818 3982 de
831 3923 858 3980 la
873 3923 996 3998 religion,
1012 3939 1046 3980 na
1059 3925 1152 3982 tardor
1165 3927 1243 3994 pasl

129 4010 278 4080 yrentrer.
290 4026 301 4055 n
316 4003 392 4072 Quod
408 4003 590 4059 seminaverat
603 4001 713 4074 collegit
722 3999 817 4070 Gallia,
829 3999 974 4057 maioribus
988 3999 1069 4072 digua
1082 4005 1244 4070 praecepto·

130 4079 218 4138 ribusl
231 4085 318 4151 Atque
328 4080 431 4135 utinum
442 4077 556 4134 reiectas
564 4077 620 4135 iera
630 4078 729 4135 Galliae
740 4075 943 4134 immoralitates
955 4090 1009 4132 non
1026 4073 1182 4148 collegisset
1192 4076 1245 4132 alia

131 4172 213 4230 gens,
228 4168 299 4226 quae
312 4155 418 4210 lunesto
432 4153 527 4211 itinere
541 4152 707 4227 rapiebatur,
723 4150 789 4207 dum
803 4150 872 4209 aliae
885 4150 1101 4208 revertebanturl
1167 4193 1170 4200 ⁴

208 4231 285 4286 Titus
297 4230 397 4300 Livius,
412 4227 557 4284 laudabilia
571 4229 706 4301 quaedam
721 4240 833 4284 suorum
847 4229 919 4285 lacta
932 4226 1065 4302 reterens,
1080 4225 1157 4300 quasi
1170 4224 1247 4283 dolo-

131 4320 191 4363 rem
206 4302 359 4378 effundens,
368 4304 526 4378 monet,alia
540 4305 686 4377 contigisse
700 4307 799 4360 aetate:
816 4319 907 4360 amru
920 4317 1072 4360 nocrrunsu
1086 4317 1153 4359 nsos
1166 4318 1248 4358 sarn-

131 4381 250 4438 nrnrsul
270 4401 281 4430 n
299 4379 366 4453 (Lib.
384 4378 418 4449 ll,
434 4393 460 4434 c.
476 4378 536 4452 lot.
550 4381 665 4452 semper
678 4379 737 4450 luit,
751 4382 832 4451 atqua
846 4379 908 4452 erit,
924 4376 1072 4436 labentium
1086 4376 1248 4449 populorum

133 4458 243 4529 signum
258 4459 432 4526 contemptus
446 4453 595 4529 religionis:
620 4456 763 4528 impiorum
776 4451 888 4528 bellum,
911 4453 1051 4529 gigantum
1065 4467 1140 4512 more
1155 4458 1249 4510 conte·

134 4532 295 4591 rcudornm.
889 4566 892 4572 ·
