3224 5282
429 326 492 394 156
863 343 959 392 ιιιιιι
974 342 1009 391 ιι.

377 497 427 557 ιιι
442 496 502 556 ιιι.
513 491 598 572 Ergo
613 492 640 556 si
652 492 811 558 Ecclesiae
826 495 859 556 et
872 491 980 574 egenis
995 507 1057 554 una
1072 494 1105 555 et
1118 491 1295 559 communis
1309 499 1358 560 est
1373 513 1493 577 posses·

377 581 436 656 sio,
446 581 526 646 nibil
543 580 701 647 Ecclesiae
715 581 902 663 subripitur,
912 580 995 664 quod
1009 579 1103 646 simul
1118 598 1291 664 pauperum
1301 587 1335 649 ιι
1347 584 1494 650 infirmo-

375 689 447 736 rum
462 669 694 738 calamitatibus
709 671 881 736 crudeliter
892 687 956 735 non
967 668 1182 735 subtrabatur.
1193 672 1327 752 Insuper
1334 673 1494 740 Ecclesiae

374 760 528 844 possessio
543 778 607 825 non
623 760 792 837 deleretur,
804 759 865 825 nisi
868 761 989 845 ,quoad
1002 758 1183 830 bominibus
1191 760 1276 838 lacet
1288 763 1456 828 externa
1427 781 1495 828 eros

375 849 560 916 constitutio
576 854 750 916 evertatur.

464 939 539 1005 vll.
549 939 604 1006 Sr
594 958 642 1004 ms
654 939 793 1004 donandr
804 944 838 1004 et
847 937 1041 1021 possidendi
1051 938 1210 1005 Ecclesiae
1222 938 1371 1005 membris
1379 944 1414 1005 et
1422 957 1496 1006 cor

372 1029 443 1111 pori
462 1029 545 1094 inest
559 1045 577 1092 a
593 1029 718 1102 natura,
731 1029 824 1111 eique
839 1027 1048 1093 necessarium
1064 1032 1113 1094 est
1128 1029 1168 1094 ad
1182 1029 1361 1110 propositos
1375 1031 1437 1094 sibi
1454 1031 1494 1094 li·

374 1134 430 1181 nes
444 1117 775 1201 consequendos3ergo
791 1120 839 1182 est
853 1118 901 1186 ius
915 1116 1039 1192 stabile,
1050 1135 1251 1198 permanens,
1264 1117 1442 1199 perlectum
1456 1120 1490 1184 in

370 1223 427 1270 suo
443 1223 569 1288 genere,
579 1206 640 1272 hoc
655 1210 714 1280 est,
725 1223 832 1271 rerum
846 1209 950 1279 usum,
960 1201 1191 1288 proprietatem
1206 1210 1239 1270 et
1253 1207 1491 1288 perennitatem

370 1295 575 1376 amplectens.
597 1294 681 1361 Nam
695 1294 722 1358 si
738 1311 927 1376 permanens
950 1299 998 1359 est
1014 1295 1192 1378 proprietas
1211 1294 1250 1357 iu
1268 1293 1390 1360 tamilla
1406 1301 1440 1362 et
1456 1298 1491 1361 in

368 1384 519 1450 societate
534 1381 678 1466 politica,
695 1384 769 1466 quia
784 1387 929 1469 utreque,
940 1384 1178 1460 succedentibus
1192 1382 1254 1446 sibi
1270 1384 1428 1464 personis,
1441 1404 1493 1450 so-

369 1473 467 1537 cietas
481 1479 529 1538 est
542 1490 730 1556 permanens
745 1478 778 1538 et
791 1472 866 1547 lixa:
877 1489 896 1536 a
906 1472 976 1555 pari
992 1473 1173 1553 proprietas
1186 1471 1347 1552 religiosa,
1358 1491 1430 1536 cum
1441 1493 1494 1538 ιι-

369 1561 483 1642 ligioni
499 1562 601 1627 nullus
620 1561 662 1626 sit
678 1562 762 1626 finis.
786 1561 875 1636 Esto,
890 1559 972 1625 solvi
987 1561 1292 1643 possintsooietates
1306 1561 1430 1645 aliquae
1445 1563 1493 1627 ci-

368 1651 457 1726 viles,
468 1669 602 1733 quarum
616 1650 746 1716 desierit
760 1648 846 1726 linis,
859 1650 954 1715 salvis
967 1653 1076 1715 tamen
1093 1650 1309 1715 membmmm
1322 1650 1444 1715 iuribus
1460 1658 1493 1719 et

367 1740 626 1824 pmprietatibus:
640 1744 673 1804 at
685 1758 756 1805 cum
765 1739 930 1822 religiosae
938 1739 1101 1806 societatis
1116 1755 1277 1822 nunquam
1288 1743 1389 1817 cesset
1402 1739 1490 1816 finis,

366 1833 500 1911 cumque
511 1830 579 1894 eius
590 1829 752 1895 institutio
764 1832 797 1893 et
808 1829 877 1894 iura
886 1847 904 1893 a
913 1832 1025 1892 natura
1041 1830 1107 1894 sint
1120 1827 1357 1902 velalleo,non
1369 1844 1388 1889 a
1400 1829 1494 1908 prin-

365 1917 498 1998 cipibus;
517 1918 565 1982 ins
582 1917 763 2000 possidendi
779 1935 939 2003 nunquam
954 1917 1143 1983 dissolvetur
1158 1933 1176 1980 a
1191 1917 1283 1984 Statu
1297 1916 1428 1997 ejusque
1440 1935 1493 1981 re-

365 2007 516 2070 ctoribus.
528 2007 638 2088 Neque
654 2006 819 2081 obiiciant,
837 2009 967 2072 modum
979 2010 1012 2071 et
1022 2005 1241 2071 solemnitates
1256 2004 1493 2069 ecclesiasticae

365 2095 569 2197 possessionis
585 2112 604 2159 a
619 2095 779 2177 republica
793 2091 966 2180 impertiri,
984 2095 1059 2162 sine¹
1069 2095 1184 2178 quibus
1197 2092 1369 2159 concidunt
1384 2093 1491 2158 domi-

365 2184 430 2250 nia.
448 2184 532 2251 Nam
547 2188 581 2250 et
596 2184 684 2249 laicis
699 2185 946 2265 possessionibus
961 2184 1201 2266 impertiuntur,
1215 2185 1249 2247 et
1264 2186 1371 2246 tamen
1386 2182 1490 2248 domi-

367 2272 420 2337 nia
442 2277 515 2337 sunt
530 2273 741 2354 singulorum.
758 2273 981 2342 solemnitates
998 2274 1142 2339 dominia
1156 2276 1351 2355 supponunt,
1369 2289 1434 2336 non
1451 2289 1489 2336 ιι

366 2361 557 2427 ιιιιιιιιιι.

454 2451 544 2518 Vlll.
562 2451 717 2533 Exposita
732 2456 917 2533 argumenta
931 2451 1175 2516 ecclesiasticam
1189 2451 1419 2533 proprietatem
1436 2453 1486 2518 vel

364 2539 398 2603 in
414 2540 559 2606 ethnicos
575 2545 754 2606 ιιιιιιιιι·
768 2545 841 2606 ιιιι
856 2539 943 2604 enim
958 2557 999 2605 ex
1013 2543 1145 2606 naturae
1160 2557 1245 2636 penu
1259 2541 1461 2623 desumpta,
1450 2559 1483 2604 ιι
1559 2591 1563 2598 .

364 2645 465 2711 eoque
480 2629 626 2694 recidunt
640 2631 723 2734 quod
739 2629 814 2694 licet
828 2628 961 2734 singulis
975 2647 1026 2694 res
1041 2647 1111 2693 suas
1121 2621 1190 2694 lleo
1206 2621 1312 2693 di'oare
1323 2634 1357 2695 et
1368 2647 1486 2714 paupe·

362 2717 462 2792 ribus,
480 2736 543 2799 quo
558 2718 627 2782 iure
641 2719 704 2782 nisr
694 2718 780 2783 ab'
770 2717 1011 2783 immanissimis
1021 2716 1231 2783 humanitatis
1243 2718 1418 2783 tortoribus
1429 2737 1484 2784 ex·

362 2805 480 2886 poliari
496 2824 559 2873 non
575 2813 718 2890 possunt
737 2807 870 2890 Reliqua
886 2807 988 2873 lluunt
1002 2825 1042 2873 ex
1057 2807 1117 2872 boc
1132 2805 1303 2889 principio.
1316 2807 1410 2874 Nune
1425 2807 1483 2875 Ca-

363 2895 498 2960 tholioos
520 2896 727 2980 alloquamur,
753 2913 888 2978 quorum
912 2897 1029 2961 mentis
1044 2895 1209 2978 puerilitas
1227 2895 1277 2960 vel
1292 2896 1484 2978 perversitas

361 2983 508 3050 ethnicos
522 2987 693 3069 superavit,
707 2985 833 3069 quando
848 2985 931 3050 bono
946 2985 1126 3051 octonum
1139 2984 1249 3086 dixere
1264 2985 1482 3084 proprietates

362 3073 536 3139 ecclesiast
510 3077 603 3142 t1.oas

450 3164 510 3230 lx.
522 3163 568 3232 Ut
581 3165 672 3248 plura
687 3161 826 3229 breviter
840 3159 1075 3239 contrahamus,
1089 3162 1231 3230 Ecclesia
1246 3160 1354 3228 divina
1370 3168 1420 3229 est
1431 3184 1481 3231 so-

361 3250 471 3328 cietas,
481 3253 574 3320 aDeo
589 3251 775 3319 immediate
789 3253 949 3326 instituta,
969 3270 1032 3317 non
1047 3257 1082 3318 ut
1097 3253 1131 3317 in
1146 3251 1265 3337 crpptis
1281 3254 1433 3333 agatsed
1445 3262 1479 3322 ut

360 3340 461 3405 libera
476 3341 546 3407 luce
560 3348 679 3420 utatur,
691 3343 810 3408 cultum
825 3345 858 3406 et
873 3341 955 3406 vires
969 3347 1090 3417 exerat,
1103 3341 1206 3424 iisque
1222 3344 1329 3406 utatur
1343 3342 1480 3408 rationi-

360 3429 429 3507 bus,
447 3432 653 3498 conventibus
667 3436 701 3498 et
715 3430 884 3520 sodalitiis,
902 3429 1014 3512 quibus
1027 3432 1222 3514 propositum
1238 3430 1334 3494 finem
1350 3432 1478 3496 contin-

360 3524 424 3598 gat.
436 3519 578 3584 Ecclesia
589 3520 670 3585 banc
683 3519 781 3584 aueo
797 3519 891 3584 habet
902 3519 1117 3596 existentiam,
1128 3520 1244 3587 aStatn
1253 3523 1348 3602 atque
1361 3521 1480 3600 aprin-

359 3606 483 3686 cipibus
496 3608 774 3689 independentem:
791 3625 887 3690 quarn
901 3607 1105 3674 existentiam
1120 3609 1270 3676 eistatus
1286 3625 1350 3670 non
1365 3613 1479 3674 contu-

360 3695 412 3770 lit,
426 3714 529 3779 neque
543 3696 669 3762 auferre
685 3697 817 3778 poterit.
834 3698 893 3762 Est
907 3714 983 3779 ergo
998 3698 1153 3774 Ecclesia,
1170 3695 1322 3766 catholice
1337 3697 1479 3761 sentien-

357 3784 455 3860 tibus,
464 3787 598 3851 societas
612 3787 661 3851 sui
678 3786 769 3861 iuris,
780 3785 953 3867 spiritualis
969 3790 1003 3852 et
1017 3790 1160 3863 externa,
1175 3783 1316 3851 externis
1331 3783 1478 3850 substan-

357 3873 412 3938 tiis
426 3877 520 3938 utens
534 3875 661 3959 quidem
677 3892 739 3939 uon
755 3873 936 3950 inhaerens,
961 3893 998 3940 ea
1012 3893 1112 3959 prope
1126 3874 1253 3940 ratione
1267 3890 1328 3957 qua
1341 3873 1477 3950 ‚immor-

359 3963 432 4029 talis
447 3965 554 4029 anima
569 3982 659 4029 suum
673 3963 768 4028 habet
783 3980 910 4045 corpus,
919 3982 982 4046 quo
997 3965 1096 4030 vitam
1111 3970 1185 4046 agat
1199 3963 1263 4027 sibi
1274 3963 1367 4028 aDco
1382 3979 1477 4043 prae-

358 4053 517 4118 stitutam.
526 4054 669 4139 ltalsane.
681 4051 955 4132 Quemadmodum
966 4053 1229 4124 animamembris
1237 4051 1403 4133 corporeis
1411 4053 1477 4133 spi-

358 4142 488 4208 rituales
500 4143 602 4209 exerit
613 4142 790 4217 facultates,
804 4141 908 4223 iisque
919 4143 1081 4217 adolescit,
1095 4142 1253 4218 firmatur,
1268 4141 1416 4207 scientias
1428 4145 1477 4205 at-

356 4249 417 4316 que
433 4236 517 4297 artes
531 4236 632 4314 parat;
647 4231 693 4296 sio
703 4230 843 4295 Ecclesia
858 4247 937 4315 quae
948 4235 1072 4297 constat
1086 4230 1279 4307 bominibus,
1292 4229 1475 4294 bominibus

357 4320 553 4403 praeficitur,
565 4319 731 4385 hominum
745 4336 841 4401 opera
856 4319 957 4385 utitur
967 4325 1003 4386 ut
1015 4320 1141 4385 verbum
1150 4321 1210 4386 Dei
1225 4317 1471 4402 evangelizetur,

354 4409 448 4473 rebus
466 4408 694 4491 temporalibus
711 4407 801 4491 quasi
822 4409 972 4474 membris
990 4410 1150 4490 corporeis
1165 4409 1326 4474 reficiatur
1346 4424 1473 4472 necesse

354 4503 414 4562 est.
429 4499 513 4564 llaec
522 4496 754 4565 catholicorum
771 4514 871 4572 mens,
885 4498 1104 4564 communistis
1114 4502 1148 4565 et
1159 4497 1368 4579 praedonibus
1380 4513 1474 4560 exce-

354 4586 430 4666 ptis.
441 4586 583 4653 Christus
599 4585 680 4652 nibil
694 4586 792 4652 lixum
809 4588 1000 4670 possederat,
1019 4588 1073 4673 qui
1090 4605 1148 4654 nec
1163 4589 1300 4673 seipsum
1317 4583 1468 4672 possedit·
