3224 5282
406 314 470 382 126
849 332 995 386 uniam

450 477 524 547 xv.
535 479 675 548 Ecclesia
683 479 998 564 etimperioeversis,
1008 480 1075 564 lpse
1087 484 1217 546 naturae
1226 475 1327 563 ptrdor
1339 478 1484 545 evanuit.
1599 553 1603 564 ,

361 568 504 637 Primum
515 569 652 636 divortia
660 587 740 655 quae
746 570 906 655 principes
913 565 1116 653 expetebant,
1126 574 1160 639 et
1170 570 1360 635 elericorum
1371 568 1487 633 matri-

361 659 469 725 monia
483 664 613 743 propter
625 663 759 727 naturae
770 661 1006 743 aequalitatem:
1025 657 1204 742 polygamia
1219 657 1333 725 deinde
1341 662 1375 722 et
1390 673 1487 741 quae-

362 749 776 826 libetfoedissima3demum
785 766 919 815 uxorum
929 747 1152 816 communitas.
1162 749 1257 824 Nam,
1268 765 1357 812 suam
1367 747 1487 812 babere

361 856 503 914 uxorem,
522 845 556 905 et
569 839 651 905 banc
663 839 813 905 dicebant
828 839 1032 923 proprietatis
1043 837 1193 921 speeiem,
1211 837 1441 922 perfectissimo
1453 841 1488 902 et

362 928 574 1003 sanctissimo,
585 934 620 993 ut
628 929 690 1012 ipsi
701 929 917 1004 decreverant,
927 928 1127 1012 aequalitatis
1135 932 1168 992 et
1177 925 1386 993 fraternitatis
1395 927 1489 1009 prin-

361 1016 449 1098 cipio
461 1019 633 1092 adversam,
648 1023 681 1084 et
692 1019 923 1098 expellendam.
933 1019 985 1085 Sic
996 1017 1103 1083 omnia
1116 1016 1288 1084 cohaerent
1300 1016 1488 1100 inproprie·

364 1111 443 1182 tate,
469 1114 516 1182 ut,
534 1108 603 1188 ipsa
627 1108 742 1182 ablata,
766 1108 852 1173 nulla
867 1107 1009 1173 familiae
1031 1106 1079 1175 rel
1093 1106 1255 1172 societatis
1276 1107 1346 1171 iura
1360 1121 1489 1187 perma-

364 1202 473 1262 neant.

356 1329 359 1338 ι
453 1286 545 1352 XVl.
564 1287 702 1360 lnterea,
722 1286 961 1367 quatuordeeim
976 1302 1131 1372 annorum
1145 1283 1262 1366 spatio',
1280 1285 1320 1348 ab
1331 1283 1409 1366 ipsis
1423 1282 1490 1348 Lu-

365 1375 553 1442 theranismi
562 1375 720 1448 exordiis,
738 1375 859 1441 seilicet
874 1377 913 1441 ab
927 1376 1033 1440 banno
1050 1372 1133 1439 1521
1153 1373 1303 1457 usquead
1320 1371 1421 1448 1535,
1440 1389 1491 1436 se·

365 1469 416 1530 eta
433 1464 510 1530 baec
524 1465 821 1546 anabaptistarum,
839 1464 1011 1530 aLutbero
1033 1464 1161 1545 eiusque
1176 1463 1301 1528 asseclis
1315 1462 1423 1543 genita
1439 1460 1490 1526 vel

365 1558 553 1628 restaurata,
570 1555 678 1618 omnia
693 1571 837 1619 errorum
852 1558 995 1618 monstra
1010 1553 1197 1638 protulerat.
1215 1552 1284 1617 Hoc
1299 1555 1406 1615 autem
1422 1551 1492 1632 pri-

366 1661 467 1708 mum:
480 1644 639 1710 Christum
649 1643 858 1723 redemptione
870 1660 930 1707 aaa
944 1645 1061 1707 mundo
1071 1641 1244 1724 perfectam
1254 1641 1492 1724 [amenitatem

313 1805 319 1816 .
366 1740 395 1797 et
410 1733 632 1814 aequalitatem
646 1731 799 1809 intulisse,
819 1739 855 1811 nt
870 1733 1087 1814 unnsquisque
1101 1731 1160 1795 eibi
1175 1739 1250 1794 esset
1264 1748 1327 1794 ree
1341 1737 1372 1794 et
1384 1745 1493 1793 eaen-
1609 1769 1610 1782 .

365 1823 434 1899 doe,
453 1823 626 1904 nullusque·
636 1822 703 1885 iam
717 1821 881 1885 haberetur
892 1838 1018 1902 pauper
1031 1820 1348 1897 catalaunensibus
1363 1817 1414 1882 oei
1425 1835 1493 1883 aar·

366 1927 437 1974 eas.
447 1911 531 1976 Hinc
542 1913 606 1982 alia
615 1910 844 1975 inferebantur.
857 1909 1053 1976 1.0mninm
1064 1907 1494 1990 emancipatioaquavisec·

365 1997 541 2065 elesiastiea
552 2006 585 2066 et
597 2000 682 2065 cirili
699 2004 867 2080 potestate:
885 2016 963 2080 quae
978 1999 1040 2063 duo
1056 1999 1117 2081 ipsi
1132 1997 1344 2080 appellabant,
1358 1999 1395 2062 ut
1407 2012 1493 2061 nune

367 2105 491 2171 quoque
507 2090 714 2170 appellantur,
731 2089 908 2169 tyrannidis
923 2089 1039 2168 capita.
1058 2089 1093 2151 2.
1112 2087 1264 2153 Absoluta
1280 2086 1421 2163 libertae,
1440 2102 1494 2149 ae-

367 2177 515 2258 qualitas,
534 2177 733 2258 fraternitas:
747 2194 829 2258 quae
841 2194 924 2241 nune
937 2177 1059 2260 pariter
1070 2176 1178 2240 omnia
1192 2173 1430 2257 insurgentium
1441 2190 1495 2238 re-

367 2265 443 2330 xilla
458 2272 626 2331 exornant.
640 2262 674 2330 3.
688 2267 834 2331 abolitio
846 2266 1062 2348 proprietatis,
1075 2271 1109 2330 et
1121 2266 1276 2329 bonomm
1292 2263 1493 2329 communio:

367 2371 448 2436 quae
466 2355 591 2419 nuncin
605 2355 725 2419 iuribus
740 2356 932 2438 populorum
947 2355 996 2419 vel
1010 2354 1256 2434 proletariorum
1267 2353 1361 2437 (nibil
1372 2352 1497 2416 baben·

367 2444 461 2527 tium)
472 2443 794 2525 comprehenduntur.
805 2442 838 2510 b.
848 2442 959 2509 Carnis
970 2444 1161 2508 restauratio
1172 2447 1206 2507 et
1217 2443 1358 2510 familiae
1369 2442 1498 2506 destru-

366 2534 446 2597 ctio:
464 2550 544 2615 quae
560 2550 642 2597 nunc
658 2533 741 2597 clara
757 2551 833 2597 voce
848 2533 988 2596 nondum
1004 2532 1212 2606 extolluntur,
1227 2533 1281 2596 sed
1293 2530 1381 2596 inter
1393 2534 1498 2614 syste-

368 2621 464 2686 matis
480 2622 704 2703 consequentia
717 2622 767 2687 vcl
780 2621 947 2686 corollaria
958 2627 1169 2686 reservantur.
1185 2621 1217 2686 5.
1233 2621 1435 2703 Proscriptio
1445 2636 1499 2682 ar-

367 2710 449 2774 tium
466 2714 498 2774 et
516 2711 708 2785 litterarum,
727 2715 763 2796 ut
778 2728 888 2774 omnes
903 2710 1041 2775 fratmm
1055 2728 1166 2774 manus
1181 2712 1291 2776 eodem
1308 2710 1437 2792 pariter
1453 2709 1500 2772 la-

366 2799 444 2863 bore
459 2800 715 2864 occallescerent.
733 2800 802 2864 Hoc
816 2800 928 2864 saltem
950 2800 1095 2864 relicitur
1109 2817 1127 2862 a
1143 2800 1298 2880 pluribus,
1317 2798 1374 2881 qui
1398 2796 1499 2879 ephe-

366 2888 524 2953 meridum
541 2888 684 2953 articulis
699 2905 733 2952 se
748 2889 900 2952 mundum
915 2894 1122 2953 renovaturos
1138 2892 1345 2970 augurantur.
1364 2886 1499 2952 Admit-

367 2977 478 3042 tebant
501 2983 608 3042 tamen
624 2982 658 3042 et
674 2977 758 3042 lacto
773 2977 1011 3059 exequebantur
1026 2977 1123 3058 primi
1138 2977 1270 3043 Lutberi
1292 2974 1461 3056 discipuli,
1479 2989 1498 3037 a

366 3066 478 3149 quibus
493 3067 698 3150 eeclesiarum
714 3070 914 3140 ornamenta,
933 3081 969 3130 aa
983 3066 1097 3130 deinde
1110 3066 1315 3131 bibliothecae
1327 3068 1361 3130 et
1374 3064 1498 3130 artium

366 3155 519 3221 miracula
534 3156 797 3221 incendebantur.
807 3156 850 3220 Et
861 3158 959 3221 recte:
975 3161 1093 3220 namet
1108 3156 1242 3220 fratrum
1258 3153 1499 3235 intelligentiae

366 3249 458 3310 erant
473 3246 766 3328 aequandaequod
782 3263 878 3326 quum
895 3244 1036 3308 scientiis
1052 3244 1318 3310 efflorescentibus
1335 3260 1403 3307 non
1420 3259 1500 3307 con-

367 3333 517 3414 tingeret,
529 3333 771 3417 saltemaequali
780 3336 923 3397 omnium
937 3333 1116 3413 ignorantia
1124 3332 1341 3398 obtinebatur.
1353 3332 1431 3396 lmo
1441 3346 1499 3394 nee

366 3420 421 3485 diu
437 3421 587 3487 abnuisset
609 3422 849 3503 sepulchrorum
866 3421 1049 3505 aequalitas:
1067 3440 1131 3485 uno
1146 3422 1234 3486 enim
1256 3419 1339 3485 bello
1355 3421 1449 3504 quod
1465 3417 1500 3482 in

367 3508 495 3582 Suebia,
507 3510 892 3591 Thuringia,Franconia,
904 3509 1024 3576 elsatia
1036 3527 1073 3574 ae
1081 3510 1205 3575 Lorena
1217 3513 1323 3574 actum
1335 3513 1399 3586 ast,
1412 3508 1501 3589 plus·

364 3613 460 3679 quam
475 3603 603 3662 eentum
627 3599 730 3663 millia
743 3600 911 3666 bominum
927 3598 1151 3664 occubuerant.
1169 3599 1254 3664 llaec
1278 3595 1502 3664 fraternitatis

367 3686 498 3750 nomine
513 3685 702 3765 agebantur!
1459 3737 1462 3742 .

455 3773 563 3838 xvll.
582 3773 659 3840 Cum
676 3779 786 3858 gentes
799 3793 952 3860 europeae
963 3774 1142 3841 civiliorem
1158 3775 1326 3856 periodum
1345 3773 1500 3855 ingrede-

366 3865 490 3937 rentur,
509 3863 568 3926 Dei
585 3866 785 3945 providentia
801 3871 943 3930 monstra
959 3865 1036 3930 haec
1051 3881 1138 3946 passa
1154 3868 1214 3939 est:
1233 3863 1413 3946 eademque
1425 3879 1501 3947 pro-

365 3947 462 4012 ximis
476 3953 673 4031 temporibus
690 3954 883 4036 patiebatur.
901 3955 1021 4019 Forsan
1037 3958 1073 4018 ut
1089 3952 1251 4018 societatis
1267 3952 1498 4027 fundamenta,

367 4051 447 4116 quae
463 4036 498 4101 in
515 4044 645 4108 naturae
660 4048 695 4108 et
709 4043 874 4124 religionis
886 4042 973 4110 cultu
984 4041 1044 4105 sita
1056 4046 1141 4116 sunt,
1156 4039 1335 4105 evidentius
1346 4044 1499 4121 pateant.

367 4123 428 4188 Sed
444 4132 550 4191 nostra
565 4129 624 4195 hae
639 4137 756 4207 aetate,
777 4132 889 4213 peiora
904 4121 1124 4210 contigissent.
1134 4130 1217 4194 Nam
1229 4134 1305 4194 tunc
1322 4129 1502 4212 temporis,

368 4210 471 4293 aliqua
483 4214 598 4280 animis
609 4226 774 4300 supererat
785 4220 949 4301 religionis
960 4236 1045 4299 pars,
1057 4217 1228 4291 n'otiobei,
1239 4218 1428 4284 animarum
1442 4219 1505 4283 im·

368 4301 557 4379 mortalitas,
578 4306 742 4390 Evangelii
758 4310 918 4385 divinitas,
938 4306 1062 4389 aliaque
1077 4324 1095 4370 a
1110 4306 1261 4382 Lutbero,
1280 4305 1502 4382 Carlostadio,

368 4389 541 4475 ceterisque
557 4395 819 4465 reformatoribus
830 4400 967 4462 retenta.
981 4395 1072 4462 Nune
1087 4411 1161 4460 vero
1176 4394 1244 4460 fere
1260 4395 1374 4460 omnia
1391 4397 1506 4464 exula-

367 4481 491 4575 verant.
501 4479 589 4560 Quae
600 4486 893 4560 estnlfridiSudre,
908 4483 1128 4569 protestantis,
1141 4482 1392 4550 animadversio:
1404 4505 1425 4546 u
1435 4489 1507 4552 An·

369 4564 653 4653 inquinatoribus,
672 4575 790 4663 inquit,
810 4573 973 4642 novissimi
986 4572 1206 4638 reformatores
1221 4572 1435 4656 negationem
1448 4574 1507 4641 Di·
