3224 5282
581 289 752 341 mrumst.
1123 267 1187 336 109

110 439 262 503 libertate
266 435 404 520 ,quid
373 455 435 502 msr
426 434 742 518 inceptusatqueiu
754 432 1232 506 diesexercseenssocialismust

200 525 260 591 vl.
278 523 340 592 Sed
354 523 482 608 quasia
497 523 558 589 huc
572 528 702 592 ventum
717 525 845 598 estrat
860 541 941 609 quae
954 525 1180 640 populorum
1155 549 1232 595 srm-

107 614 234 700 plicitas
249 619 305 681 aut
319 613 497 698 patientia?

200 703 342 770 Cuiusvis
356 701 510 784 temporis
525 700 722 777 Sotiatium,
741 699 843 768 verbis
857 701 906 766 vel
922 699 1026 780 iactis,
1040 702 1085 769 lta
1099 708 1230 788 populos

106 793 244 861 allocuti
255 791 530 858 suntrcrvrlrum
537 807 645 856 rerum
654 790 756 862 cedite
764 789 945 856 libertatem
957 795 990 856 ct
1001 791 1227 874 ministerium

107 900 169 946 nos
183 883 348 964 politicam
362 880 451 948 vobis
465 880 608 946 dabimus
624 879 806 945 libertatem
823 875 999 966 (somonitd
1009 880 1190 970 popellus).
1210 907 1228 948 ιι

107 971 239 1051 Populi,
248 971 378 1052 politica
387 970 534 1035 libertate
545 969 661 1043 allecti,
669 967 795 1033 civilem
802 972 1021 1035 concesseruut
1035 969 1226 1039 libertatem.

106 1062 200 1126 Τιιιιι
216 1061 333 1124 iterum
345 1057 542 1124 Soeialistae:
558 1078 576 1118 «
590 1057 759 1126 Politicam
771 1057 950 1124 libertatem
965 1058 1058 1123 uobis
1068 1060 1226 1143 delegate,

107 1149 202 1214 cuius
218 1148 270 1214 rel
282 1149 462 1228 inexpertes
483 1146 533 1212 vel
547 1144 684 1230 impares
706 1143 793 1222 estis3
810 1163 868 1211 nos
888 1149 991 1213 vestm
1013 1149 1142 1214 nomine
1158 1166 1230 1232 age·

108 1255 196 1302 mus.
216 1261 234 1298 ιι
251 1239 440 1301 Αιιιιιιιιιιιιι
455 1234 641 1318 quandoque
656 1234 782 1317 populi,
796 1236 845 1303 vel
861 1236 984 1340 decepti
1001 1239 1049 1302 vel
1065 1256 1096 1302 vr
1087 1237 1227 1304 adacti·

107 1327 220 1410 sicque
235 1326 315 1390 duae
328 1325 499 1398 libertates,
513 1324 615 1388 ervrlrs
626 1327 659 1389 et
671 1324 814 1406 polrtrca
825 1327 895 1409 plus
906 1343 1061 1401 mmusve
1076 1345 1111 1390 ru
1123 1326 1231 1394 Socra

110 1416 259 1493 listarum
274 1431 384 1478 manus
398 1412 604 1480 devenerunt.
622 1409 685 1490 Qui
700 1413 760 1478 boc
775 1415 864 1497 digni
879 1416 970 1479 erant
991 1415 1132 1490 nomine,
1153 1433 1230 1505 qua-

109 1509 206 1568 tenus
222 1502 352 1568 socialia
364 1501 508 1567 omnium
522 1502 591 1566 iura
604 1500 644 1566 ad
658 1519 692 1565 se
707 1499 792 1583 ipsos
808 1503 991 1584 pertrahere
1008 1493 1205 1569 nitebantur.

203 1592 278 1658 vll.
297 1591 367 1655 Duo
381 1594 455 1654 suut
467 1589 639 1672 principia,
650 1608 784 1673 quorum
796 1609 858 1657 uno
869 1592 919 1657 vel
931 1592 1032 1656 altaro
1046 1592 1161 1657 nititur
1172 1592 1230 1659 So-

109 1679 284 1746 cialismus.
294 1679 436 1744 Primum
449 1683 497 1744 est
508 1679 652 1743 omnium
660 1679 822 1745 societatis
834 1679 1050 1745 membrorum
1061 1685 1168 1746 mutua
1180 1700 1231 1747 sc-

109 1771 288 1836 lidarietas.
306 1767 450 1832 Alterum
466 1772 513 1833 est
527 1768 697 1834 confictum
712 1769 773 1845 ius,
790 1769 854 1836 sive
871 1768 999 1834 effrenis
1022 1769 1230 1850 quorumdam

108 1857 330 1939 Imperiomm
345 1855 499 1940 cupiditas
522 1856 658 1939 negotiis
673 1853 790 1925 civium
805 1857 956 1935 instandi,
974 1862 1010 1925 ut
1024 1859 1130 1942 pueris
1146 1876 1232 1926 asso-

109 1948 180 2012 lent
198 1945 385 2029 paedagogi.
521 1968 526 1976 ·

204 2032 336 2116 Aliquid
353 2032 472 2098 habent
486 2034 553 2100 reri
567 2038 601 2101 ιι
615 2029 734 2117 aliquid
749 2034 822 2100 falsi
836 2034 915 2101 haee
929 2035 1096 2119 principia.
1111 2035 1231 2102 Verum

109 2128 172 2198 est,
190 2123 361 2204 docuitque
376 2141 404 2187 s.
421 2123 548 2200 Paulus,
566 2141 631 2190 uno
645 2123 787 2190 membro
804 2124 958 2207 patiente,
974 2126 1082 2192 omnia
1094 2127 1232 2210 compati

110 2215 269 2287 membra;
284 2228 394 2276 verum
405 2229 529 2298 quoque
540 2217 588 2279 est
599 2213 808 2296 imperiorum
816 2231 883 2279 esse
894 2214 1033 2280 officium
1046 2215 1079 2280 in
1091 2233 1233 2281 eommu-

110 2319 187 2366 nem
206 2300 267 2366 niti
281 2300 465 2366 utilitatem.
482 2301 542 2370 Sed
557 2301 671 2367 salsum
687 2307 736 2368 cst
751 2301 965 2390 membrorum
988 2303 1232 2370 solidarietatem

110 2391 237 2456 inferre
254 2389 288 2453 in
303 2390 450 2455 omnibus
463 2390 682 2473 proprietatis,
704 2391 823 2456 doloris
839 2392 888 2458 vel
903 2393 1046 2458 laetitiae
1060 2392 1233 2476 aequalita-

110 2485 194 2555 tem;
214 2479 340 2553 falsum,
356 2477 660 2545 demandatum-esse
673 2480 866 2564 reipublicae
880 2481 929 2546 vel
944 2483 1183 2564 imperantibus,
1197 2484 1233 2547 ut
1311 2476 1318 2488 '

110 2569 184 2632 aliis
198 2566 389 2633 subtrabunt
403 2567 486 2650 quod
502 2567 622 2637 donent
637 2568 720 2635 aliis.
739 2569 865 2635 Falsum
883 2587 1019 2652 quoque,
1034 2571 1082 2636 ius
1097 2587 1164 2636 esse
1176 2587 1234 2652 po-

111 2657 211 2722 litieis
218 2657 394 2722 rectoribus
402 2657 609 2740 proprietates
618 2658 734 2724 civium
743 2653 996 2739 administrandi,
1007 2661 1179 2725 sacrarium
1187 2659 1233 2724 ia-

111 2743 222 2810 miliae
238 2744 452 2827 ingrediendi,
462 2745 613 2811 distincta
625 2747 821 2829 privatorum
833 2747 902 2812 iura
913 2748 947 2813 in
960 2742 1058 2814 undm
1069 2749 1159 2834 quasi
1170 2749 1234 2813 rei-

110 2835 257 2915 publicae
273 2835 320 2900 ius
336 2834 504 2900 conflandi.
522 2836 685 2900 Humanae
702 2835 842 2901 iamiliae
864 2837 1075 2914 solidarietas‚
1093 2837 1182 2922 quasi
1199 2838 1232 2902 in

111 2924 250 2988 solidum
265 2924 458 3006 procuratio,
473 2923 638 2991 eharitatis
654 2927 793 2992 officium
806 2930 866 3000 est,
881 2944 945 2990 non
958 2926 1108 3007 politicae
1120 2926 1234 3008 guber-

111 3013 254 3079 natroms
266 3013 314 3078 vel
326 3013 536 3098 aequalitatis
543 3015 605 3082 scd
614 3013 752 3080 charitas
763 3031 877 3078 munus
889 3012 936 3078 ast
947 3013 1153 3096 singulorum
1169 3027 1232 3078 non

110 3103 180 3168 iura
196 3103 315 3186 recipit
329 3103 569 3187 imperantium:
580 3102 722 3168 ebaritas
734 3102 862 3167 autem
851 3120 898 3166 m·
902 3102 968 3166 dies
979 3103 1172 3186 perficietur,
1189 3101 1229 3175 si,

33 3243 38 3250 .
110 3193 291 3258 laventibus
302 3192 460 3275 Imperiis,
471 3209 508 3256 ea
519 3191 554 3256 in
566 3191 692 3274 populis
702 3184 866 3257 excolatur
876 3191 952 3256 tides
965 3208 1072 3275 exque
1085 3195 1155 3255 orta
1168 3193 1226 3254 est

111 3282 176 3346 Abs
192 3298 230 3346 re
245 3280 345 3362 igitur
359 3281 560 3347 Socialismus
580 3298 654 3344 cum
670 3279 867 3362 proprietate
881 3279 1038 3347 iustitiam
1060 3279 1176 3346 evertit
1192 3281 1228 3343 ut

112 3369 305 3436 charitatem
320 3370 482 3435 instituat.

202 3457 296 3524 Vlll.
313 3458 383 3523 lmo
399 3463 564 3540 utramque
579 3457 753 3532 evertebat,
770 3457 927 3522 iustitiam
949 3473 1064 3538 nempe
1079 3460 1112 3521 et
1127 3455 1231 3520 ebari-

113 3552 227 3622 tatem,
240 3565 340 3632 quum
350 3546 484 3612 immani
496 3546 660 3628 sacrilegio
675 3546 898 3612 ecclesiasticas
910 3544 1150 3629 aggrediebatur
1159 3561 1232 3626 pro-

113 3636 280 3719 prietates,
298 3636 366 3701 Deo
381 3640 415 3701 ιι
429 3636 616 3720 pauperibus
628 3634 758 3701 dicatas.
774 3636 905 3701 Dicebat
917 3633 1230 3701 cnimSocialismus.

117 3745 133 3782 ιι
149 3725 220 3789 Ηιι
239 3729 313 3790 suut
328 3725 470 3808 publicae
485 3724 534 3790 vel
549 3725 654 3791 Status
675 3724 899 3805 proprietates.
919 3722 983 3790 Cur
999 3741 1072 3788 vero
1093 3720 1233 3787 eiusdem

115 3812 282 3896 religionis
303 3814 445 3884 ministri
460 3813 516 3878 alii
532 3814 602 3895 plus
616 3812 748 3888 habent,
767 3806 823 3877 alii
839 3812 967 3878 minus?
981 3812 1097 3880 Nonne
1118 3803 1233 3875 saltem

115 3900 1025 3986 ornnesaequandii»SucceduntCommunistaeetaiunt.
1038 3898 1231 3974 «Omnium,

115 3991 276 4066 odivites,
295 3996 370 4056 sunt
385 4009 462 4076 quas
476 3991 596 4057 habetis
610 3989 835 4075 proprietates.
847 3987 910 4056 Gur
921 3991 976 4055 alii
989 3990 1059 4071 plus
1071 3987 1232 4064 babemus,

116 4079 170 4142 alii
187 4078 310 4144 minus?
325 4081 394 4146 lam
409 4080 487 4146 bora
502 4080 600 4156 venit,
617 4096 678 4164 qua
692 4096 802 4145 omnes
815 4083 888 4145 sunt
902 4076 1068 4164 aequandi.
1089 4099 1107 4139 ι

204 4169 267 4234 111.
285 4169 485 4236 Socralrsmus
497 4169 596 4252 lgrtur
606 4173 638 4235 et
649 4167 903 4236 Communrsmus
915 4187 978 4234 non
990 4169 1064 4232 suut
1079 4165 1190 4230 umbra
1201 4168 1234 4228 ιι

117 4256 318 4338 figmentum:
335 4258 389 4322 sed
412 4259 467 4326 ille
482 4264 530 4326 est
553 4258 731 4342 argumenti
746 4258 843 4325 veluti
867 4257 1067 4330 antecedens,
1084 4253 1139 4319 hic
1159 4267 1234 4319 vero

117 4363 324 4428 consequeus.
343 4347 426 4412 111ι
411 4349 564 4454 imperia,
582 4353 625 4413 ιι
631 4349 715 4429 legas
728 4345 846 4424 civiles,
861 4351 894 4414 ιι
903 4345 1047 4432 politicas
1061 4341 1236 4410 institutio

121 4452 174 4497 nes
190 4436 345 4515 minatur,
361 4439 418 4506 ut
408 4439 492 4521 rgnis
504 4437 604 4506 latens
618 4442 651 4503 ιι
667 4437 844 4504 absumens:
860 4436 915 4503 hie
927 4435 1034 4522 plebes
1045 4431 1232 4562 commovet,
