3228 5280
407 283 492 350 ‘332
867 306 1024 356 eraserit.

381 449 481 515 cultui
497 450 655 516 obstacula
670 467 845 528 remoram,
862 454 1007 536 viamque
1022 452 1070 516 illi
1086 452 1242 518 doctrinis
1256 456 1290 518 et
1303 451 1512 517 suasionibus

382 543 415 603 et
430 540 583 621 exemplis
598 558 720 621 parare.
737 542 909 608 Enimvero
922 543 950 606 si
966 561 1031 606 uon
1045 547 1095 606 est
1108 546 1248 625 potestas
1264 542 1328 606 nisi
1342 558 1361 606 a
1377 543 1463 612 Deo,
1483 539 1513 601 si

381 626 523 691 ministri
539 629 597 692 Dei
614 635 687 694 sunt
702 632 757 712 qui
775 636 900 695 terrena
912 630 1268 704 moderantur‚illorum
1283 648 1411 714 quoque
1421 647 1514 693 sum-

384 733 471 780 mum
487 717 551 782 erit
567 717 718 790 officium,
737 719 820 784 iussa
841 720 901 785 Dei
917 718 1082 802 explomre
1102 725 1135 784 et
1150 718 1266 794 lacere,
1284 719 1461 801 omniaque
1479 720 1514 779 et

385 804 503 886 legibus
518 804 655 871 attactis
667 807 811 872 adillum
825 807 958 873 reterre:
967 828 985 866 o
994 807 1064 872 lloo
1075 808 1186 873 iubent
1197 809 1414 889 imperatores
1425 807 1514 888 quod

384 891 470 957 iubet
486 893 765 977 ethristus,quia
776 914 848 962 cum
857 897 975 962 bonum
987 896 1326 980 iubent,perillosnon
1342 895 1436 960 iubet
1448 893 1514 960 nisi

157 978 361 1052 llS.lug.‚Ep.
384 979 527 1048 Christus
544 980 586 1065 1).
606 1007 624 1044 n
641 983 704 1064 Qui
720 985 888 1052 consulunt
904 985 954 1050 vel
969 983 1182 1068 praecipiunt,
1198 985 1303 1051 Statui
1320 985 1444 1048 nullam
1461 1003 1517 1048 re·

143 1057 204 1108 ¹⁰⁵·
385 1070 514 1152 ligionis
525 1071 702 1138 habendam
709 1093 777 1140 esse
787 1074 959 1150 rationem,
979 1074 1145 1157 politicum
1162 1079 1196 1139 et
1207 1073 1407 1140 orationalem
1422 1073 1516 1138 atbe-

384 1160 500 1224 ismum
515 1161 723 1229 constituunt.

481 1249 557 1316 XV.
574 1249 659 1315 Haec
675 1269 734 1332 pro
749 1269 872 1317 summa
886 1251 1097 1318 retineantur:
1117 1252 1150 1316 1.
1167 1251 1334 1318 civilitatis
1349 1266 1518 1330 regressus

388 1341 449 1413 est,
465 1355 507 1404 ex
521 1357 595 1404 vero
612 1339 699 1406 cultu
714 1341 753 1404 ad
765 1341 908 1408 cultuum
918 1340 1017 1405 dilabi
1028 1340 1255 1422 pluralitatem
1265 1341 1300 1404 2.
1311 1340 1460 1406 cultuum
1475 1338 1516 1401 li-

388 1427 493 1493 bertas
507 1446 566 1510 pro
582 1433 666 1495 statu
679 1428 832 1496 habeatur
847 1447 914 1495 nou
923 1429 1064 1514 optimae
1075 1428 1227 1504 civitatis,
1236 1428 1291 1494 sad
1305 1427 1516 1493 transitionis

391 1533 427 1581 ao
443 1517 652 1584 necessitatis.
1278 1547 1283 1554 ·

890 1621 1006 1660 ...-

735 1865 1024 1944 TITULUS
1075 1865 1165 1944 xlv.

641 2065 683 2112 ull
701 2063 775 2114 luae
791 2062 949 2113 salselles
965 2063 997 2110 ltt
1014 2061 1270 2113 Hammonium.

488 2209 509 2263 l.
525 2208 614 2264 Divina
627 2214 709 2282 etque
723 2209 876 2266 immediata
889 2207 1051 2264 matrimonii
1065 2207 1205 2264 institutio:
1221 2208 1278 2265 lons
1291 2207 1335 2266 illa
1349 2210 1518 2279 sanctitati13

398 2277 552 2353 obliterata,
563 2284 701 2340 universae
712 2285 906 2356 corruptionis.
917 2283 952 2338 ll.
967 2283 1092 2339 cbristus
1103 2284 1303 2339 matrimonium
1314 2284 1348 2340 ad
1364 2285 1518 2341 naturalem

401 2364 513 2414 revocat
526 2357 992 2432 integritatem‚nonexternaaddita
1003 2356 1200 2428 benedictione,
1213 2359 1261 2415 sed
1271 2365 1448 2415 contractum
1459 2376 1518 2416 ver·

401 2439 463 2488 tens
477 2434 502 2488 in
517 2442 728 2490 sacramentum.
744 2435 792 2491 111.
809 2434 929 2492 llnlieris
943 2432 1091 2490 domestica
1104 2438 1132 2489 et
1146 2432 1231 2490 civilis
1244 2433 1363 2506 dignitas
1377 2440 1520 2490 restaure-

400 2507 491 2564 batur·
508 2509 550 2566 lll.
566 2510 668 2568 Pudice
681 2526 758 2566 mens
772 2511 895 2576 non-siue
909 2508 1049 2584 religione:
1063 2509 1272 2566 christianorum
1286 2511 1472 2566 metrimouia.
1487 2511 1519 2565 v.

400 2581 498 2640 llulier
511 2585 720 2644 christianalll.
730 2586 869 2643 Ecclesiae
878 2583 955 2641 labor
964 2591 993 2642 et
1002 2585 1213 2657 perseverantia,
1229 2591 1260 2641 ut
1273 2584 1326 2641 boc
1338 2590 1469 2642 tueretur
1478 2601 1522 2641 so-

402 2659 506 2716 cietatis
517 2659 851 2731 palladiurn.llll.llediae
863 2660 957 2718 aetatis
968 2661 1134 2718 torocitetem
1147 2659 1250 2716 emollit
1263 2675 1296 2716 ac
1309 2665 1453 2731 temperat
1464 2676 1520 2715 ma·

402 2736 522 2791 trimonii
536 2744 749 2794 sacramentum.
764 2737 834 2794 Vlll.
850 2737 1101 2808 Protesteutismus‚
1116 2734 1159 2790 sel
1175 2735 1284 2808 invitus,
1299 2734 1382 2792 deleti
1395 2734 1463 2791 olim
1478 2750 1522 2790 sa·

405 2814 538 2869 crementi
554 2811 622 2867 nrala
636 2812 747 2883 patitur.
764 2813 811 2870 lll.
825 2813 895 2869 Vere
909 2811 1044 2882 desipiunt
1058 2809 1103 2882 qui
1118 2811 1286 2866 matrimonio
1299 2821 1369 2880 pure
1386 2807 1470 2880 civili,
1486 2809 1524 2864 ia·

404 2885 492 2942 milies
504 2887 644 2944 affirmant
656 2885 774 2944 ordinari
788 2902 820 2944 ec
832 2886 934 2957 perfici.
945 2886 977 2943 ll.
988 2887 1100 2942 Frustra
1109 2892 1269 2956 praetexunt
1278 2884 1434 2941 libertatem
1445 2889 1475 2940 et
1484 2886 1521 2938 ci-

406 2962 479 3017 vium
494 2961 695 3032 aequalitatem.
705 2963 812 3020 lilim
822 2959 943 3018 civilibus
954 2961 1117 3018 matrimonii
1127 2959 1372 3029 edectibnsdivina
1384 2961 1446 3016 eins
1457 2975 1525 3014 con-

406 3035 510 3092 stitutio
524 3043 552 3093 et
564 3037 700 3094 vinculum
713 3044 871 3108 usurpetur.
884 3037 945 3093 xll.
959 3038 1059 3093 Peccet
1071 3043 1163 3092 rector
1175 3036 1200 3091 io
1211 3037 1346 3092 civitatem
1361 3035 1524 3092 criminibus

406 3112 475 3168 viam
490 3127 600 3183 parens.
614 3113 687 3169 lllll.
699 3111 837 3171 Resolutio
851 3111 1027 3184 principibus,
1035 3111 1093 3167 suis
1104 3109 1186 3168 veluti
1201 3111 1329 3168 ministris
1343 3115 1372 3168 et
1386 3125 1522 3181 praecur-

407 3186 512 3243 soribus
526 3188 621 3245 utitur.
637 3187 706 3246 xlv.
721 3192 805 3245 mam
819 3189 907 3259 ipsum
917 3186 1081 3264 principibus
1092 3186 1252 3242 matrimonii
1263 3185 1404 3242 vinculum
1419 3185 1523 3242 subdu·

406 3261 490 3334 risse,
505 3262 612 3320 traditio
625 3268 667 3319 est
680 3264 785 3337 generis
798 3262 978 3322 humanilil.
990 3259 1110 3318 Ecclesia
1123 3275 1138 3316 e
1152 3276 1235 3318 coeno
1246 3261 1450 3317 matrimonium
1461 3262 1523 3316 abs·

406 3339 498 3410 traxit,
511 3345 591 3409 atque
604 3337 637 3395 ad
651 3339 756 3394 caelum
769 3340 866 3395 evexit.
880 3337 1059 3395 lllllladem
1073 3336 1130 3391 suis
1143 3351 1250 3406 semper
1263 3335 1368 3409 legibus
1381 3350 1416 3391 ex
1428 3334 1522 3391 divino

407 3412 463 3468 iure
478 3412 915 3472 communivitllvll.llatrimonii
924 3413 1054 3470 sanctitas
1068 3411 1133 3482 ipris
1142 3410 1290 3469 incredulis
1303 3411 1424 3484 optanda
1434 3425 1469 3468 ac
1481 3427 1524 3468 re·

406 3486 525 3546 linenda.
542 3488 636 3546 xllll.
650 3488 804 3548 Conclusio.

365 3703 367 3713 ,
497 3643 525 3707 1.
537 3642 696 3726 Principis
710 3643 846 3710 consilio
857 3659 930 3708 oum
941 3643 1079 3725 plurima
1089 3639 1523 3724 permitteretlleus‚cultum

409 3727 568 3796 subtraxit
583 3749 646 3813 quo
662 3732 758 3798 homo
773 3733 914 3799 divinam
929 3731 1113 3798 societatem
1126 3729 1315 3810 ingreditur,
1326 3735 1397 3794 tum
1414 3729 1525 3798 metri·

408 3817 510 3881 monii
522 3821 846 3898 sanctitatem,veluti
854 3821 1010 3885 humanae
1021 3819 1183 3885 societatis
1192 3817 1281 3898 origo
1293 3823 1327 3883 et
1338 3817 1525 3882 fundamen-

408 3907 490 3968 tum.
508 3906 575 3970 Lex
589 3907 688 3988 igitur
703 3907 767 3976 leta
783 3911 823 3974 ab
837 3909 962 3991 origine
978 3908 1100 3974 mundi:
1113 3906 1231 3986 «Quod
1244 3907 1328 3972 Deus
1342 3905 1521 3977 coniunxit,

181 4006 385 4083 eluctablllll,
409 3994 504 4058 homo
521 4011 585 4060 non
602 4003 728 4078 separet
744 3996 792 4082 2).
812 4022 830 4062 o
848 3997 963 4064 Sancta
977 4015 1018 4062 ex
1034 4001 1107 4064 tunc
1127 3994 1239 4060 effecta
1255 3995 1316 4060 viri
1333 3999 1368 4060 et
1382 3993 1524 4058 mulieris

162 4091 189 4142 e.
407 4083 749 4167 metaumaucensis
762 4087 886 4168 signum
899 4091 1058 4168 assumpta
1066 4084 1194 4150 unionis
1202 4081 1321 4150 Christi
1332 4101 1406 4148 cum
1417 4083 1525 4148 Eccle-

407 4174 466 4240 sia:
486 4194 503 4235 u
519 4172 658 4242 Societas
674 4176 856 4255 nuptiarum
871 4175 911 4240 ab
925 4175 1020 4241 initio
1033 4175 1081 4242 ita
1096 4171 1158 4237 luit
1178 4172 1361 4246 constituta,
1380 4175 1417 4236 ut
1433 4187 1522 4251 prae-

408 4268 459 4329 ter
473 4281 605 4329 sexuum
622 4263 892 4340 coniunctionem,
901 4264 1031 4329 baberet
1046 4265 1080 4327 io
1095 4259 1255 4328 serristi
1270 4266 1302 4327 et
1308 4259 1469 4326 Ecclesiae
1480 4278 1525 4323 sa-

182 4350 207 4419 3l
222 4351 249 4406 S·
260 4351 326 4420 ¹⁴⁶⁰,
341 4364 385 4422 φ·
408 4356 617 4418 crementum.
636 4351 680 4438 3).
695 4376 712 4416 n
729 4353 830 4428 Hanc,
849 4371 921 4418 cum
937 4370 1009 4419 vera
1021 4353 1095 4426 tide,
1110 4352 1310 4416 retinuerunt
1325 4348 1524 4414 matrimonii

165 4429 178 4480 ²
210 4423 251 4480 od
275 4427 384 4482 nostre.
411 4442 610 4508 sanctitatem
626 4442 687 4507 viri
703 4443 776 4508 Deis
788 4442 858 4508 «Et
873 4460 968 4517 nunc,
980 4441 1128 4514 Domine,
1140 4444 1176 4506 tu
1191 4437 1251 4504 scis
1263 4437 1336 4523 quia
1353 4455 1419 4502 non
1436 4438 1523 4502 luxu·

108 4525 112 4536 “
161 4499 292 4558 Narbon.
412 4530 478 4596 riae
494 4547 585 4596 causa
609 4533 729 4615 accipio
746 4531 856 4602 Sarum
878 4531 1060 4623 coniugem,
1077 4530 1131 4596 sed
1146 4529 1212 4600 sola
1229 4525 1426 4610 posteritatis
1449 4525 1524 4590 dile·
