3224 5282
431 267 476 335 7l
877 285 1009 336 nrnnar.

386 434 424 498 lis
439 449 458 498 a
474 433 541 499 Deo
558 434 725 516 prodierit,
751 439 798 500 est
813 450 990 519 supremum
1006 433 1054 498 ius
1068 437 1101 500 et
1116 426 1342 496 absolutissima
1357 426 1419 499 lex,
1436 438 1494 505 qua

386 525 494 604 gentes
507 521 678 608 populique
692 527 856 604 reguntur,
874 522 1076 605 colliguntur,
1092 519 1305 586 continentur.
1454 596 1461 610 .

176 611 198 684 tl
210 615 366 688 cu.,ror-
475 609 519 676 V.
537 609 572 676 si
589 630 606 671 u
624 610 747 678 iustitia
762 629 837 692 erga
851 611 935 676 Deos
949 609 1063 692 religio
1077 609 1194 675 dicitur
1209 603 1259 688 1),
1274 625 1292 668 u
1309 618 1386 684 ergo
1400 601 1499 664 ralla

139 690 200 762 ut,
211 692 258 746 ²²·
386 697 466 762 nalis
485 703 597 764 natura
608 717 688 783 quae
700 716 774 782 erga
785 699 833 764 sui
845 699 965 764 similes
979 698 1119 766 iustitiae
1134 696 1264 764 vinculis
1280 689 1468 760 revincitur,
1481 700 1498 748 a

385 783 514 851 lortio'ri
523 805 598 868 erga
608 789 711 854 Deum
722 796 882 853 auctorem
892 793 925 853 et
937 794 1195 863 conservatorem,
1209 781 1346 847 eiusdem
1357 775 1500 876 iustitiae

384 873 497 940 officiis
511 875 688 957 colligatur.
714 876 834 957 Quibus
849 877 1019 941 creationis
1034 880 1067 940 et
1080 869 1335 942 conservationis,
1351 867 1379 930 si
1395 869 1502 965 notro-

385 979 441 1027 nes
449 963 578 1029 adiicias
587 964 702 1029 summi
713 964 910 1048 epulatoria,
923 965 1035 1030 iudicis
1046 981 1081 1029 ac
1092 955 1502 1038 remuneratoriuplenrssr-

385 1067 471 1115 mam
479 1051 783 1118 demonstrationem
799 1051 1203 1130 efficies.Hinc,Plutarcho
1216 1045 1499 1120 animadvertente,

387 1139 511 1204 facilins
522 1141 633 1206 urbem
644 1140 785 1206 invenies
796 1141 865 1206 sine
875 1141 1056 1226 solo‚quam
1067 1136 1278 1207 sineNumine
1289 1138 1322 1198 et
1332 1131 1500 1213 religione.

385 1227 504 1294 Omnes
518 1229 605 1294 enirn
620 1229 778 1306 hominm,
788 1235 824 1295 ut
839 1229 885 1296 ait
899 1229 1136 1312 Wegseheider,
1146 1227 1292 1292 notiones
1305 1237 1384 1307 quae
1398 1219 1438 1284 ad
1453 1234 1505 1319 fe?

387 1315 538 1398 ligionem
551 1317 729 1383 naturalem
737 1319 914 1401 pertinent,
923 1318 1012 1400 quasi
1022 1316 1251 1382 sanctissimum
1257 1311 1428 1392 peculium,
1440 1305 1503 1370 srbr

388 1405 551 1470 vindicant
566 1410 599 1471 et
614 1407 787 1489 possident.
813 1407 995 1491 Eodemque
1010 1403 1183 1473 Genemnsi
1198 1401 1336 1485 sophista
1350 1397 1506 1482 profiten-

385 1496 430 1572 te,
450 1510 610 1577 nunquam
625 1495 726 1580 maior
740 1496 848 1572 homo,
865 1513 960 1578 quam
974 1513 1019 1569 se,
1030 1510 1151 1577 ,suaque
1166 1488 1361 1555 sanctissimo
1383 1488 1417 1548 et
1432 1484 1507 1546 bea·

385 1582 510 1648 tissimo
525 1581 659 1651 Numini
674 1583 821 1649 offerens.
847 1584 998 1649 Animum
1014 1583 1121 1666 itaque
1137 1579 1283 1653 offerens,
1305 1574 1388 1640 unde
1403 1571 1507 1636 cultus

386 1671 534 1747 interior;
551 1671 666 1738 deinde
680 1673 822 1755 corporis
838 1676 936 1748 actus,
951 1671 1073 1755 aliaque
1087 1668 1258 1740 exteriora,
1275 1670 1308 1730 et
1319 1661 1508 1746 quandoque

386 1760 568 1841 magnilica,
579 1761 662 1825 unde
674 1761 798 1827 animus
809 1762 875 1844 ipse
887 1758 1078 1842 percellitur,
1091 1758 1269 1829 roboratur,
1283 1752 1372 1837 qnasi
1383 1750 1425 1812 ad
1436 1763 1509 1848 cae-

310 1903 317 1918 ,
386 1847 474 1912 lestis
490 1847 621 1928 gloriae,
645 1847 767 1931 Deique
782 1849 992 1930 granditatem
1007 1846 1161 1919 evehitur,
1185 1842 1361 1922 ceterisque
1375 1837 1508 1935 pietatis

272 2015 275 2024 Ι
387 1933 503 1999 allecto
519 1939 552 1999 et
567 1934 721 2000 societate
737 1938 953 2018 coniungitur.
978 1933 1038 2001 Sed
1052 1934 1127 2018 quid
1142 1934 1181 1997 de
1197 1933 1366 2012 praecepto
1382 1941 1510 2009 quaerr-

386 2022 472 2085 musi
479 2021 594 2089 Nonne
603 2041 758 2088 summum
773 2025 805 2087 in
814 2022 1125 2107 religione,sitientis
1136 2021 1260 2085 animae
1271 2019 1425 2088 solamen,
1436 2028 1511 2095 per-

387 2109 520 2191 fugium,
540 2114 574 2175 et
590 2111 724 2177 caeleste
740 2112 837 2178 veluti
852 2112 1043 2179 convivium?

477 2196 534 2263 Vl.
549 2197 597 2264 De
610 2199 773 2280 religionis
785 2201 981 2277 necessitate,
992 2204 1144 2282 quatenns
1159 2193 1331 2266 societatis,
1340 2191 1511 2280 legumque

387 2284 530 2350 omniurn
545 2292 593 2353 est
607 2288 858 2363 tundamentum,
871 2306 962 2353 nemo
976 2287 1108 2353 dubitat.
1119 2284 1240 2352 Tullius
1254 2300 1291 2348 ac
1307 2281 1398 2346 Plato
1413 2276 1512 2378 delle·-

386 2374 477 2455 gibus
492 2372 691 2452 disserentes,
709 2392 779 2440 eam
795 2377 898 2457 legum
915 2376 1163 2456 praeambulum,
1177 2391 1231 2437 seu
1246 2371 1389 2434 radicem
1401 2369 1435 2430 et
1449 2383 1513 2428 un-

385 2462 466 2525 tium
482 2462 658 2528 edixenrnt.
672 2462 730 2528 Ait
744 2463 810 2528 ille:
826 2484 843 2523 o
857 2465 904 2532 Sit
915 2464 1012 2544 igitur
1026 2462 1090 2527 iam
1106 2464 1166 2527 hoc
1178 2479 1195 2525 a
1207 2457 1369 2543 principio
1381 2468 1514 2537 persua-

383 2566 453 2612 sum
469 2547 599 2624 civibus,
617 2549 763 2614 dominos
778 2568 844 2616 esse
859 2552 1001 2615 omnium
1015 2569 1119 2615 rerum
1135 2567 1171 2614 ac
1183 2549 1400 2614 moderatores
1413 2541 1511 2606 Deos:

384 2652 482 2717 eaque
497 2653 577 2716 quae
588 2641 752 2718 geruntur,
772 2656 882 2701 eorum
898 2638 966 2719 geri
978 2639 1097 2704 ditione
1109 2655 1145 2703 ao
1158 2636 1301 2709 numine,
1312 2631 1515 2711 'eosdemque

383 2723 503 2804 optime
517 2723 557 2787 de
572 2739 687 2804 genere
703 2723 869 2788 hominum
884 2726 1013 2791 mereri:
1039 2733 1071 2792 et
1085 2725 1186 2808 qualis
1201 2725 1334 2806 quisque
1349 2721 1407 2801 sit,
1436 2716 1516 2799 quid

381 2813 466 2890 agat,
484 2809 560 2891 quid
574 2811 608 2874 in
624 2826 658 2874 sa
673 2809 833 2886 admittat,
850 2828 911 2894 qna
927 2819 1044 2887 mente,
1066 2831 1126 2896 qua
1142 2815 1262 2894 pietate
1277 2810 1365 2875 colat
1380 2806 1517 2887 religio-

381 2914 447 2970 nes,
461 2895 594 2962 intueri:
609 2897 797 2980 piorumque
807 2903 840 2963 et
851 2899 1025 2980 impiorum
1037 2901 1152 2964 habere
1163 2900 1337 2963 rationem.
1349 2895 1411 2961 llis
1423 2894 1515 2958 enim

380 2986 472 3050 rebus
486 2983 633 3064 imbutae
643 2989 776 3061 mentes,
795 2986 876 3050 haud
893 3003 967 3051 sane
982 2988 1195 3062 abhorrebunt
1209 2986 1248 3050 ab
1263 2985 1339 3051 utili
1355 2988 1392 3048 et
1408 2997 1517 3046 arera

169 3087 196 3152 tt
214 3084 290 3154 cic,
317 3085 359 3140 lte
378 3071 588 3158 sententiaa).
601 3069 729 3153 u'Quae,
743 3073 782 3138 ad
793 3075 1044 3139 constituendam
1055 3079 1089 3139 et
1100 3074 1291 3140 firmandum
1306 3072 1516 3142 societatem,

130 3156 211 3232 Lep,
225 3159 247 3230 l,
267 3157 291 3214 7·
377 3179 442 3226 non
457 3160 553 3226 modo
569 3160 662 3226 utilia
677 3161 732 3225 sed
748 3162 934 3235 necessaria,
952 3162 1022 3242 quis
1039 3167 1145 3243 neget,
1164 3161 1370 3243 prosequitur
1381 3158 1515 3237 Cicero,

378 3266 482 3313 «cum
491 3249 663 3329 intelligat,
675 3266 770 3329 quarn
781 3249 882 3314 multa
894 3249 1060 3312 firmentur
1075 3248 1293 3324 iureiurand03
1304 3252 1451 3331 quantae
1468 3263 1522 3310 sa-

376 3336 451 3400 lutis
466 3337 532 3400 sint
547 3336 712 3400 foederum
727 3336 909 3414 religiones;
923 3353 1017 3418 quam
1032 3337 1147 3400 multos
1161 3336 1264 3401 divini
1279 3334 1435 3416 supplicii
1448 3352 1521 3398 me·

376 3428 456 3487 tusa
469 3423 588 3486 scelere
603 3423 810 3492 revocaverit;
828 3440 983 3502 quamque
997 3427 1105 3486 sancta
1120 3424 1163 3488 sit
1178 3423 1312 3488 societas
1326 3423 1455 3487 ciuium
1469 3422 1524 3485 in·

375 3511 425 3572 ter
439 3509 536 3588 ipsos,
550 3505 621 3572 Diis
637 3506 870 3570 immortalibus
885 3509 1092 3590 interpositis,
1107 3515 1175 3574 tum
1191 3510 1363 3584 iudicibus,
1380 3515 1458 3575 tum
1472 3514 1525 3574 te-

242 3607 268 3680 st
283 3608 352 3665 ibid.
373 3593 488 3658 stibus?
500 3592 543 3677 3).
560 3616 578 3655 »
590 3591 728 3673 Egregia
740 3592 818 3656 haec
830 3593 865 3657 in
877 3591 1004 3660 ethnico
1017 3596 1157 3661 homine:
1169 3615 1226 3663 nos
1239 3597 1416 3663 intimiora
1429 3615 1525 3662 scru-

316 3741 319 3752 ,
374 3685 479 3745 tamur
494 3679 661 3744 hominum
676 3683 772 3761 atque
787 3679 1007 3761 imperiorum.
1345 3702 1350 3710 ·

461 3767 537 3832 Vll.
548 3767 592 3834 ut
603 3767 697 3830 unius
710 3767 852 3832 familiae
867 3769 989 3833 unitate
1001 3769 1060 3833 filii
1070 3772 1310 3847 contineantur,
1327 3772 1361 3836 id
1373 3777 1524 3854 paterna

364 3853 467 3920 ‘efficit
479 3854 663 3929 auctoritas,
674 3853 816 3918 divinam
828 3856 1046 3919 auctoritatem
1058 3863 1091 3921 et
1103 3861 1334 3939 paternitatem
1347 3860 1522 3925 reterens:

371 3958 458 4021 ergo,
475 3943 622 4024 adempta
634 3943 695 4008 Dei
711 3942 912 4015 auctoritate,
926 3941 1047 4006 familia
1063 3944 1284 4010 labefactatur.
1299 3947 1345 4012 Ut
1362 3947 1457 4012 cives
1471 3949 1527 4015 di-

368 4030 574 4114 gneprincipi
582 4030 716 4107 subsint,
729 4029 850 4111 aliquid
859 4029 1001 4094 divinum
1007 4028 1041 4094 in
1049 4031 1192 4113 principe
1203 4031 1401 4114 requiritur,
1415 4055 1526 4116 quum

264 4147 268 4156 ·
367 4118 464 4181 horno
479 4116 615 4194 homini,
635 4136 675 4182 ex
690 4135 736 4191 se,
751 4117 893 4200 inspecta
908 4119 1039 4179 naturae
1054 4118 1258 4197 aequalitate,
1278 4123 1526 4190 non-domine-

366 4209 430 4267 tur:
447 4221 535 4285 ergo,
554 4205 663 4270 divino
680 4203 804 4270 sublato
822 4202 971 4283 imperio,
988 4201 1123 4265 humana
1142 4206 1304 4284 regimina
1325 4209 1525 4276 dissolvun-

364 4296 429 4353 tur.
448 4291 491 4357 ut
508 4293 640 4373 legibus,
655 4308 722 4356 non
738 4306 850 4354 manus
867 4292 1003 4359 tanturn,
1017 4289 1070 4350 sed
1086 4288 1254 4356 hominum
1270 4297 1526 4363 contineantur

361 4377 550 4453 voluntates,
569 4380 615 4445 vis
628 4378 737 4443 divina
749 4375 936 4459 requiritur,
947 4390 1028 4454 quae
1039 4376 1252 4442 conscientias
1273 4382 1355 4462 liget
1375 4385 1420 4446 ad
1438 4387 1524 4450 obe-

270 4514 272 4518 .
362 4464 527 4546 dientiam,
539 4467 646 4553 eisquc
658 4467 809 4550 imperet:
821 4460 1057 4545 ergo,seposita
1074 4461 1141 4542 lege
1153 4463 1277 4542 divina,
1289 4470 1380 4551 leges
1396 4471 1525 4538 huma-
