3224 5282
572 349 705 414 risuros
721 361 779 414 ιιι.

109 521 166 576 tur
183 505 238 596 (a).
250 507 316 576 llac
327 504 548 592 perterrefacti
559 507 863 593 solitudina,qbibus
874 501 962 574 ma'us
974 501 1096 592 integra
1112 520 1232 588 manet,

107 599 152 662 ad
175 615 249 663 eam
264 603 467 664 revertuntur
481 598 641 664 Ecclesiae
657 605 794 681 petram,
818 617 834 662 a
851 615 912 685 qua
932 617 1042 664 eorum
1064 605 1168 681 patres
1187 602 1236 664 di-

107 691 301 753 scesserant.
314 688 403 770 lique
419 692 492 752 sunt
508 688 576 771 qui,
588 693 657 752 tota
669 687 840 754 Germania
856 688 905 754 vel
920 689 1047 769 anglia,
1061 687 1175 753 maiori
1187 708 1236 753 sa-

107 777 257 859 pientiae
274 781 307 842 et
323 794 449 860 morum
465 777 556 840 laude
572 776 807 858 praedicantur,
826 781 858 842 et
875 793 1006 841 numero
1022 777 1162 859 plurimi,
1177 779 1236 842 hac

110 865 319 946 potissimum
335 869 450 939 aetate,
468 882 530 947 qua
547 865 694 946 religiosa
710 871 804 946 atque
819 866 971 931 historica
986 867 1088 930 studia
1105 883 1121 929 a
1138 867 1237 932 sonti-

109 955 173 1018 bus
191 954 310 1019 iterum
326 958 541 1028 resumuntur,
556 954 679 1019 fervent
694 959 726 1020 et
737 955 969 1019 convalescunt.
980 956 1067 1019 Tunc
1079 960 1184 1019 autem
1197 974 1236 1020 ne

113 1060 198 1105 unus
208 1042 447 1124 quidembonae
455 1042 530 1106 lidei
539 1043 642 1107 cultor
650 1043 912 1108 Protestautismo
920 1043 1127 1125 relinquetur,
1138 1060 1235 1124 quum

116 1131 197 1194 filiis
209 1137 336 1212 patrum
348 1130 511 1194 mendacia
523 1136 556 1195 et
569 1131 692 1195 iraudes
701 1132 897 1213 aperiantur.
908 1131 1079 1198 Exnostris
1091 1133 1236 1214 equidem

117 1219 267 1283 nonnulli
282 1219 321 1283 ad
337 1215 589 1285 Protestanlium
604 1225 706 1284 castra
721 1221 881 1286 secedunt:
900 1219 965 1295 sed,
984 1238 1113 1301 quaeso,
1128 1240 1238 1286 nume-

113 1312 245 1382 rentur,
255 1325 426 1390 eorumque
438 1308 570 1373 scientia
582 1309 632 1374 vel
644 1309 776 1374 virtutes
791 1309 1019 1374 describantur.
1031 1310 1100 1373 lmo
1116 1312 1238 1392 paucis-

111 1395 190 1460 simi
206 1401 293 1472 suut,
312 1396 364 1461 lex
379 1397 457 1461 cleri
477 1397 526 1462 vel
540 1397 779 1472 coenobiorum,
798 1416 932 1479 quorum
955 1398 1130 1480 tragoedia,
1148 1405 1183 1464 ut
1199 1399 1238 1462 de

113 1485 231 1566 primis
248 1485 353 1550 aiebat
365 1487 526 1562 Erasmus,
542 1485 654 1552 arsitio
669 1487 902 1571 catastropham
914 1487 1146 1562 comicam,ua1
1159 1503 1239 1556 cort·

114 1590 208 1639 siaiu
223 1592 324 1639 uxos.

208 1662 443 1728 XXLFactum
453 1667 651 1739 tenemus,et
660 1659 886 1729 concludimus:
898 1661 981 1744 Ergo
992 1659 1087 1727 hodie
1096 1667 1143 1726 est
1155 1663 1239 1745 quod
1321 1737 1326 1744 N

119 1749 206 1824 beri,
217 1751 301 1832 quod
313 1752 391 1816 olim
404 1756 474 1817 erat
483 1752 775 1818 Protestantismus:
785 1753 950 1816 hominum
963 1752 1140 1826 inventum,
1151 1769 1240 1815 men-

121 1838 165 1903 tis
181 1842 216 1903 et
231 1839 337 1903 cordis
352 1841 493 1906 rebellio.
513 1841 613 1924 Atqui
628 1842 761 1906 rebellio
777 1842 948 1925 opponitur
962 1840 1121 1923 principio
1137 1840 1240 1904 cuius-

123 1943 264 2009 cumque
278 1927 441 1995 societatis
456 1931 674 1996 constitutivo:
693 1948 769 2012 ergo

216 2017 327 2082 xxii.
346 2019 469 2084 Tertio:
481 2016 760 2084 Protectoatismos
771 2020 812 2084 od
823 2016 946 2084 collam
960 2017 1121 2101 reliqioais
1133 2017 1181 2082 ool
1192 2033 1240 2082 ao-
1355 2065 1357 2068 -

118 2106 244 2169 rietatis
260 2106 401 2186 smmum
418 2117 462 2172 est
477 2109 674 2172 constitutas.

210 2194 337 2259 Xlllll.
356 2196 482 2278 Religio
495 2201 543 2260 est
555 2197 701 2270 societas,
715 2195 877 2262 societatis
889 2200 995 2261 autem
1008 2195 1110 2260 iorma
1123 2194 1242 2261 cousti-

116 2281 221 2346 tutiva
237 2285 271 2346 et
287 2283 503 2351 substantialis
522 2291 570 2350 est
586 2287 620 2350 in
637 2303 759 2349 summa
771 2285 972 2360 auctoritate,
986 2303 1048 2367 qua
1067 2284 1144 2366 legis
1160 2287 1193 2349 et
1204 2301 1241 2347 u·

120 2369 1241 2456 nitatisvinculomembracontineantur.ErgoProtastautismus,spi-

116 2458 228 2522 rituali
245 2459 436 2526 auctoritate
449 2463 549 2527 libero
561 2464 707 2528 examine
719 2463 917 2540 labefactata,
929 2463 968 2528 ad
980 2463 1099 2528 nullam
1110 2461 1241 2543 religio-

119 2546 170 2609 nis
188 2547 238 2611 vel
254 2550 415 2614 societatis
431 2550 567 2616 formam
582 2551 799 2618 constituitur.
1170 2551 1173 2556 ’

209 2637 335 2703 xxiv.
349 2639 438 2704 llanc
450 2641 538 2704 euim
549 2640 794 2707 christianismo
804 2640 1014 2705 necessariam
1026 2656 1092 2704 asse
1103 2637 1240 2704 auctori-

118 2725 387 2798 tatem,iatentur
398 2729 530 2794 maximi
539 2728 1236 2804 interProtestautes,GrotiusetLeibnitius.

117 2811 255 2877 Grotius
267 2815 344 2879 baec
356 2818 479 2882 statuit:
496 2817 527 2881 1.
539 2817 616 2883 Sine
630 2835 776 2898 suprema
787 2818 892 2898 Papae
904 2817 1107 2891 auctoritate,
1120 2817 1240 2898 impos-
1377 2885 1381 2898 ,

118 2901 246 2964 sibilem
263 2902 334 2966 lieri
350 2907 639 2970 controversiarum
655 2907 752 2970 linem
770 2905 811 2989 1).
831 2907 865 2970 2.
883 2906 973 2972 Fidei
997 2907 1155 2987 dogmat-a,
1172 2911 1238 2968 'uon
1260 2885 1425 3018 t¹l⁶f⁰¹¹⁰⁵a
1434 2891 1461 2942 V
1459 2906 1487 2943 ⁰·

118 2990 288 3072 scripturis
302 2997 439 3069 tanturn,
448 2995 502 3058 sed
511 2994 684 3059 traditione
693 3000 726 3059 et
736 2994 895 3059 Ecclesiae
908 2995 1097 3060 auctoritate
1108 3012 1174 3058 esse
1186 2993 1239 3057 de-
1260 2978 1328 3094 12ch
1330 2979 1485 3094 efflepffl

121 3078 262 3142 liniendo
280 3079 323 3163 2).
341 3082 518 3148 Leibnitius
541 3101 629 3158 vero,
647 3101 787 3147 summus
802 3083 857 3146 ille
873 3083 922 3148 vir
936 3083 991 3165 qui
1006 3083 1155 3147 scientias
1170 3099 1239 3146 om·
1273 3077 1305 3182 ⁴2)
1327 3112 1368 3169 qd,
1402 3079 1483 3168 pm,

122 3185 175 3230 nes
191 3184 295 3250 aequo
311 3169 443 3237 ducebat
459 3189 564 3248 cursu,
581 3175 750 3254 postquam
761 3171 920 3237 Ecclesiae
934 3171 1110 3235 doctrinam
1123 3170 1162 3233 de
1174 3175 1239 3234 tra·
1258 3191 1336 3245 aiant
1347 3157 1485 3262 dimidie·

120 3255 256 3333 ditione,
275 3258 313 3361 de
329 3260 548 3336 sacramentis,
566 3261 605 3326 de
621 3260 736 3325 missae
750 3261 919 3336 sacrificio,
934 3260 972 3324 de
986 3260 1195 3343 reliquiarum
1206 3263 1238 3324 et
1258 3268 1311 3323 tici
1329 3263 1482 3322 discrecio,

204 3475 245 3548 iol
259 3475 329 3532 lliuc
343 3475 457 3532 bumana
476 3481 540 3532 sunt
561 3482 717 3548 praecepta,
734 3493 802 3550 quae
815 3492 849 3534 es
862 3475 950 3534 Eibliis
963 3476 1077 3532 bumana
1091 3475 1249 3534 eliciuntur·

123 3551 300 3608 auctoritate:
324 3572 335 3600 a
352 3549 422 3608 Nibil
437 3551 538 3608 babent
551 3551 677 3623 ponderis
692 3551 737 3607 illa
751 3559 910 3625 praecepta,
922 3553 985 3624 quie
1000 3558 1063 3607 sunt
1073 3553 1200 3623 bumana,
1213 3560 1240 3610 et

122 3627 287 3683 auctoritate
307 3625 396 3683 divina
417 3626 581 3684 illocarent.
597 3629 683 3684 Nemo
697 3626 779 3698 igitur
793 3628 889 3699 credit,
906 3629 968 3700 quia
988 3633 1044 3684 lam
1060 3643 1088 3682 sa
1102 3626 1239 3684 bominem

125 3709 201 3770 potat
214 3703 335 3774 assequi
347 3701 688 3776 audit,qusmestillequi
700 3703 832 3774 praecipit
845 3724 856 3753 a
876 3705 1028 3774 thramite,
1041 3705 1238 3775 Dirimant,

126 3779 173 3849 lll,
190 3775 251 3847 27.)
267 3779 359 3834 Verte:
374 3777 424 3847 Qui
437 3777 523 3847 audit,
539 3785 568 3834 et
581 3779 626 3850 qui
647 3779 856 3848 iuterpretatur.
872 3777 949 3836 Unda
970 3780 1029 3849 ipsa
1042 3777 1137 3851 Biblis,
1154 3777 1238 3834 veluti

125 3854 251 3910 exanime
265 3859 294 3910 et
307 3853 463 3909 mutilatum
477 3853 604 3926 cadaver,
620 3855 646 3910 ia
657 3853 778 3924 ipsorqru
792 3853 914 3910 manibus
929 3855 1028 3910 boeot:
1040 3869 1095 3926 qua
1107 3853 1179 3910 enim
1190 3867 1240 3911 au·

128 3930 260 3986 ctoritate
275 3943 370 3984 eorum
383 3927 510 3986 diviuitas
524 3929 648 4001 effertur,
663 3928 759 3986 eadem
774 3927 853 4000 plane
868 3930 999 3986 relicitur.

203 4002 1237 4078 suorumperterritusruinis,diariusqoidamseptentrionalisGermaniae,

129 4079 178 4135 iam
194 4081 422 4136 protestantismo
435 4078 646 4151 addictissimus,
662 4095 751 4152 nuper
763 4079 942 4136 exclamabat:
956 4099 967 4130 a
982 4081 1122 4135 Pruasuos
1132 4079 1236 4135 Roussl

128 4154 175 4226 tibi
188 4155 315 4211 Ecclesia
336 4156 539 4224 scripturarum
553 4170 632 4210 seusa
646 4156 703 4227 figit
716 4162 797 4228 atqua
811 4155 943 4230 declarat3
959 4155 1003 4211 ubi
1017 4154 1145 4211 ministris
1159 4153 1242 4211 edicit

127 4230 252 4286 Ecclesia
266 4229 332 4302 quid
345 4229 647 4301 docendum,s1delibus
662 4229 727 4302 quid
741 4231 929 4304 ediscendum3
941 4230 986 4287 ubi
998 4230 1087 4286 cultos
1101 4229 1240 4286 uuilormi-

128 4311 168 4360 las
182 4305 350 4375 custoditum
359 4305 404 4361 ubi
416 4305 465 4360 sibi
476 4312 629 4378 congruunt
643 4307 789 4363 allectuum
805 4307 964 4362 solemnitas
975 4313 1002 4361 et
1013 4303 1164 4361 sublimitas
1174 4306 1240 4362 ado·

127 4381 274 4452 rationum3
286 4380 330 4437 ubi
341 4382 467 4438 excelsus
478 4383 608 4439 sacerdos
618 4387 646 4437 et
657 4383 773 4452 pontilex
783 4398 835 4438 nou
846 4383 962 4439 terrenis
972 4381 1153 4452 potestatibus
1163 4381 1239 4436 lrou·

126 4465 180 4512 iem
194 4456 315 4528 subiicit,
332 4456 380 4513 sed
395 4459 449 4512 lieo
463 4456 526 4528 soli3
542 4458 587 4513 ubi
602 4457 668 4512 tides
678 4466 707 4513 et
718 4457 860 4528 disciplina
875 4457 995 4513 moribus
1006 4458 1107 4528 vigent3
1122 4455 1240 4509 ubivere

128 4530 254 4662 Eclclbesiat
264 4531 421 4590 aedificatur
439 4532 741 4608 superliminarem,
757 4535 783 4592 in
798 4549 879 4606 quam
895 4540 989 4605 portae
1005 4532 1080 4589 inieri
1094 4545 1145 4587 non
1161 4545 1240 4601 prae·

127 4621 182 4661 rae
203 4622 240 4660 un
259 4650 264 4661 .
286 4629 297 4656 o
