3224 5282
591 323 797 375 rrruuusvrr.
1138 301 1201 378 13⁹

125 475 218 540 sione
233 472 365 550 debant,
383 477 420 538 ut
436 472 486 537 lex
500 471 622 556 privata
637 471 745 538 babila
759 475 844 544 sunt,
860 485 954 552 quam
970 469 1102 550 quisque
1114 469 1246 534 reisuac

123 565 262 639 diceret,
281 560 483 628 individualis
497 561 644 628 videlicet
655 561 818 628 libertatis
832 563 865 625 et
880 557 1009 640 imperii
1022 563 1122 623 actus.

218 653 310 719 Vlll.
328 651 487 720 Maximus
502 655 579 715 tunc
595 649 862 732 iurisprudentiae
876 647 965 712 labor
976 645 1135 720 efferbuit.
1144 647 1249 718 Natu·

125 741 189 806 rali
203 741 362 824 siquidem
377 740 540 822 nequitate
555 756 630 821 prae
645 739 750 821 legum
765 737 868 804 verbis
879 736 1104 809 invalescente,
1117 752 1252 818 praepo-

129 836 202 896 tens
217 829 422 913 Reipublicae
437 829 486 894 ius
497 846 537 894 ex
551 829 673 894 familia
688 833 720 894 ct
732 826 932 911 proprietate
941 824 1054 892 indies
1070 824 1249 900 recedebat,

128 919 229 1009 illaqu
262 935 410 989 romanae
431 917 698 1001 iurisprudentiae
713 917 842 982 classica
866 913 1146 997 velpbilosopbica
1166 918 1252 979 aetas

130 1008 241 1074 errorie
282 1013 346 1082 tur,
374 1025 455 1090 quae
469 1005 655 1082 Ciceronem
674 1024 756 1090 pene
771 1004 936 1087 attigerat,
955 1007 992 1070 ¹et
1007 1004 1093 1086 cujus
1105 1003 1254 1069 -maxima

130 1097 253 1180 gloriae
270 1113 343 1179 pars
357 1097 461 1161 eidem
476 1094 623 1162 Ciceroni
638 1101 686 1160 est
702 1095 878 1161 rele'reuda.
1065 1115 1069 1120 ·

222 1186 281 1252 IX.
299 1187 374 1260 llic,
391 1186 532 1266 Deorum
546 1184 747 1268 providentia
768 1183 905 1266 genitus,
923 1186 959 1249 ut
981 1179 1184 1262 Quintiliano
1208 1181 1256 1247 vi·

130 1291 213 1350 sum,
227 1279 350 1360 orator,
360 1274 576 1358 philosophus,
593 1273 787 1340 clarissimus
799 1271 1032 1338 iureconsultus
1048 1275 1081 1336 et
1090 1269 1253 1374 politicus,

129 1381 227 1446 supra
241 1363 407 1429 horminum
422 1361 571 1429 instituta
586 1366 694 1428 mente
709 1361 870 1436 advolans,
888 1362 996 1444 ¹legum
1016 1360 1174 1442 originem
1190 1377 1255 1424 non

130 1471 172 1518 ex
182 1453 353 1534 praetoris,
363 1453 410 1518 vel
425 1455 563 1532 senatus,
582 1451 631 1519 vel
644 1452 800 1535 principis
817 1450 989 1524 voluntate,
1002 1449 1057 1514 scd
1072 1466 1112 1514 ex
1126 1452 1257 1513 aeterna

122 1542 192 1625 ,bei
213 1547 322 1608 mente
346 1559 383 1606 ac
397 1541 523 1612 ratione
544 1541 695 1606 eduxerat
711 1539 763 1630 (u).
782 1540 852 1621 Quo
868 1537 1006 1605 naturali
1030 1537 1208 1603 ciliciorum
1224 1543 1257 1604 et
1343 1559 1347 1564 ·

131 1630 251 1696 iurium
267 1629 356 1696 laute
372 1629 546 1696 clarissime
560 1629 731 1714 patefacto,
747 1629 883 1712 pleniori
899 1629 1023 1710 gurgite
1042 1625 1192 1692 naturalis
1207 1643 1259 1691 ae-

132 1719 265 1805 quitatis
288 1719 434 1801 ambages
449 1720 555 1800 legum
564 1735 780 1800 romanarum
794 1719 967 1804 superavit.
985 1716 1147 1784 Ciceronis
1168 1713 1260 1781 scbo-

133 1811 199 1875 lam
213 1809 336 1891 egregii
350 1809 467 1891 quique
481 1808 690 1874 iureconsulti
700 1807 800 1873 secuti
819 1811 909 1883 sunt,
922 1807 1059 1888 indeque
1075 1803 1213 1869 nobilior
1227 1806 1261 1869 et

132 1896 282 1981 proprior
303 1898 342 1963 ad
364 1903 510 1963 naturam
525 1897 792 1984 inrisprudentiae
813 1898 913 1973 colar,
931 1915 950 1961 a
966 1895 1114 1968 Labeone
1132 1893 1262 1977 potissi·

133 2005 237 2062 mum,
249 1985 429 2068 imperante
440 1986 737 2068 Caesare-Augusto,
746 2004 844 2070 usque
856 1987 895 2051 ad
902 1985 1014 2053 Caium
1029 1989 1062 2050 et
1073 1984 1259 2066 Ulpianum:

133 2077 198 2162 quo
213 2079 337 2158 tmpore
353 2076 407 2142 lux
421 2077 602 2159 evangelica
614 2077 791 2142 naturalem
802 2075 991 2163 sapientiam
1007 2075 1157 2141 ulteriore
1169 2073 1264 2140 lumi·

135 2184 177 2232 ne
192 2165 378 2231 collustrare
392 2167 588 2248 incaeperat.
991 2181 997 2192 ·
1243 2215 1245 2219 .

225 2253 271 2320 X.
290 2254 348 2321 Illa
364 2255 596 2338 igitur‘aetate,
614 2255 784 2320 naturaius
795 2253 1002 2337 proprietatis
1012 2251 1123 2328 inniti,
1139 2251 1263 2334 potius·

135 2361 232 2428 quam
246 2344 440 2426 reipublicae
451 2343 588 2427 imperio
600 2348 655 2409 aut
666 2344 881 2432 concessione,
900 2340 1262 2424 naturalispbilosopbia

136 2433 289 2500 evicerat.
306 2421 548 2499 Celebrisenim
569 2439 710 2500 evaserat
724 2433 780 2498 illa
802 2425 965 2499 Ciceronis
986 2427 1175 2507 similitudo,
1201 2448 1262 2513 qua

135 2523 206 2605 ipse
221 2526 341 2586 terram
355 2522 484 2590 theatro
507 2527 760 2605 comparaverat,
777 2521 862 2607 quod
876 2537 950 2586 cum
964 2523 1096 2586 vacuum'
1110 2525 1205 2594 esset,
1226 2538 1262 2583 u·

137 2611 412 2696 nusquisquesuae
423 2612 506 2678 sedis
516 2611 694 2677 dominium
709 2611 900 2694 ingreditur.
917 2607 1263 2692 «meatmmnnquie

137 2700 207 2776 bat,
224 2699 300 2764 dum
314 2718 482 2773 commune
492 2701 546 2776 sit,
558 2705 646 2767 recte
662 2706 769 2767 tamen
785 2700 849 2765 dici
861 2704 965 2783 potest
976 2701 1044 2765 eius
1055 2717 1122 2765 esse
1132 2708 1207 2788 cum
1218 2698 1266 2763 lo·

140 2808 214 2854 curu
229 2806 324 2870 quem
335 2792 468 2873 quisque
483 2791 647 2874 occuparit
660 2789 702 2872 1).
722 2789 930 2872 vumupauo
946 2788 1065 2873 itaque,
1084 2786 1198 2853 deinde
1212 2803 1269 2870 pa·
1311 2796 1335 2871 ll
1349 2801 1392 2856 De
1402 2798 1514 2870 Finit,

140 2882 206 2954 cta,
224 2894 265 2942 an
281 2879 368 2944 modi
383 2880 500 2965 quibus
510 2895 607 2944 vacua
623 2878 716 2945 tellus
738 2879 773 2942 in
796 2877 987 2952 dominium·
997 2877 1114 2944 transit
1127 2877 1275 2958 singulo--
1290 2873 1339 2950 ¹11,
1352 2876 1400 2932 ²⁰·

141 2985 227 3033 rum.
241 2966 439 3051 Quicumque
454 2973 560 3050 autem
577 2969 625 3032 ius
640 2968 700 3033 boc
715 2957 854 3033 dominii
868 2967 916 3032 vel
933 2967 1139 3050 proprietatis
1155 2965 1269 3033 violari

142 3073 237 3122 ausus
251 3056 362 3133 luerit,
379 3057 506 3124 uiolabit
520 3058 571 3122 ius
585 3058 743 3122 bumcrroc
758 3063 898 3121 amarae
909 3053 954 3140 2).
1309 3045 1514 3138 licie-dfflsf·

234 3145 297 3212 XI.
315 3146 472 3230 Equidem
486 3146 691 3230 Reipublicae
707 3149 740 3212 et
754 3145 889 3229 Imperii
904 3145 953 3208 ius
967 3144 1003 3213 in
1024 3141 1268 3246 proprietatem,
1291 3121 1351 3262 {n}
1361 3122 1460 3260 ²1¹fidf
1462 3123 1493 3254 oF
1492 3139 1517 3177 ²·

1344 3243 1364 3277 'i
1421 3244 1430 3275 i
1484 3238 1489 3251 ⁸

157 3349 158 3357 ,
223 3289 264 3365 lat
278 3291 338 3348 Non
351 3292 450 3363 ingenii
463 3297 570 3360 tanturn
584 3290 785 3365 pulchritudine
800 3299 832 3359 al,
841 3289 1017 3365 sublimitate,
1033 3291 1081 3350 sed
1097 3300 1172 3354 recto
1185 3311 1271 3370 agan·

143 3369 244 3427 dorum
257 3381 352 3439 sensu,
361 3365 433 3441 quod
447 3369 593 3426 maximnm
603 3374 647 3425 cst
661 3369 688 3426 in
701 3369 760 3426 viro
771 3368 1082 3442 politicc,1lomanorum
1093 3372 1213 3440 primum
1225 3373 1271 3430 Ci-

143 3451 274 3503 cerodem
287 3442 404 3500 libenter
423 3443 610 3515 appellavero.
624 3444 702 3516 usto,
717 3444 790 3516 quod
803 3441 928 3515 coarguit
941 3445 1059 3502 Senecae
1079 3464 1091 3496 ι
1107 3447 1272 3506 Consulatus

144 3518 284 3577 Ciceronis
298 3534 351 3576 non
364 3518 422 3575 sine
435 3520 594 3592 cunsased
606 3526 714 3577 tantum
725 3521 783 3578 sine
792 3519 845 3576 tide
860 3519 894 3576 ab
907 3519 965 3590 ipso
979 3519 1106 3581 laudatus
1119 3543 1130 3575 v
1149 3524 1271 3596 (snam,

145 3594 184 3652 de
197 3594 289 3652 brevit
301 3592 444 3663 ultumi.
458 3595 524 3664 Quis
537 3601 641 3666 umen,
657 3603 687 3652 ul
699 3595 754 3666 ille,
768 3596 795 3652 in
815 3595 890 3653 libris
910 3595 1081 3664 potissimum
1093 3596 1130 3654 cie
1146 3600 1192 3676 Of
1238 3603 1273 3666 ts,

145 3669 183 3726 de
197 3669 332 3742 Finibus,
351 3667 387 3726 dc
398 3671 530 3744 Lenibus,
545 3669 581 3728 de
594 3669 766 3746 Republica,
780 3671 893 3730 rationis
906 3672 1081 3745 aequitatem,
1098 3674 1168 3748 iura,
1194 3690 1272 3749 eges,

146 3744 248 3818 officia,
263 3744 370 3801 civilem
383 3745 468 3815 ipsam
481 3747 655 3818 imperiorum
669 3745 923 3820 sapientiam,ndeo
935 3746 1050 3805 feliciter
1062 3763 1081 3806 a
1092 3755 1191 3807 natura
1204 3753 1274 3809 arri·

147 3822 220 3894 pull,
236 3820 383 3893 expressit,
398 3820 523 3880 edocuit?
535 3821 681 3880 Gentilium
694 3821 917 3894 pbilosophorum
928 3823 1072 3894 maximus,
1085 3839 1101 3880 a
1114 3832 1211 3883 natura
1225 3843 1275 3900 ge·

147 3897 234 3967 nitus,
250 3902 281 3953 ut
294 3896 410 3955 bumana
422 3897 490 3954 ratio
510 3913 574 3956 suar
586 3914 689 3956 omnes,
699 3898 726 3955 ln
744 3914 777 3958 eo
792 3900 863 3972 ¹vires
876 3899 1162 3973 expandunturque
1176 3902 1276 3960 clarior

147 3973 249 4032 mentia
261 3987 344 4044 quam
357 3972 437 4030 animi
449 3974 546 4030 virtus.
557 3975 661 4031 «Roma
675 3981 780 4046 patrem
794 3974 1068 4046 patriacCiceroncrn
1079 3976 1164 4034 libera
1174 3961 1272 4036 dixti.»

107 4077 111 4086 .
149 4048 306 4122 (levarem,
318 4048 391 4121 vill,
406 4049 483 4122 llll.
497 4050 591 4122 Cupito
604 4049 677 4121 apud
691 4053 833 4109 Senecam:
853 4072 864 4102 ι
881 4049 1013 4119 lloundus¹
1025 4049 1122 4108 borum
1141 4055 1278 4112 moenium

149 4122 287 4196 conditor,
302 4129 330 4181 et
344 4131 469 4182 sacratus
482 4125 683 4198 caalcparaos,
698 4143 752 4186 nou
768 4133 872 4184 numm
885 4125 982 4182 urbem
995 4125 1068 4199 iecit,
1090 4137 1218 4201 quantam
1232 4129 1277 4185 ei-

149 4213 216 4257 cero
227 4199 345 4256 servavit
356 4221 368 4250 ι
381 4198 500 4271 (Senem,
512 4202 646 4260 Contrua.
662 4207 722 4272 111,
736 4203 792 4275 li);
806 4202 905 4261 rsalvc
917 4202 1135 4276 incoantibus
1145 4206 1275 4274 omniurn,

151 4289 252 4359 parens
266 4274 370 4346 patriae
385 4276 533 4348 appellatel
548 4298 563 4326 -v
581 4275 682 4349 (Peru,
698 4279 758 4350 vll,
776 4276 833 4355 ab).
849 4281 933 4348 Quam
954 4292 1052 4349 nempe
1073 4278 1162 4352 legem
1174 4298 1190 4338 a
1203 4280 1278 4338 caelu

151 4351 180 4408 in
194 4355 332 4412 crrrtutcrn
344 4366 377 4408 aa
389 4359 487 4425 gentes
500 4351 650 4426 detularat,
665 4355 692 4410 in
707 4355 810 4426 patrica
824 4353 981 4426 perduelles
996 4355 1106 4427 egregie
1124 4355 1278 4413 vindicave-

22 4473 27 4482 .
151 4432 206 4511 rat.
227 4425 327 4510 ὓιιὶιιί
341 4426 391 4498 ipsi
405 4428 462 4485 iure
474 4427 669 4502 gratularetur:
681 4451 700 4490 n
716 4430 778 4487 dibi
792 4430 910 4504 populus
923 4445 1051 4488 romanus
1064 4430 1218 4500 universus,
1233 4430 1279 4486 illa

152 4517 179 4557 m
192 4515 336 4574 roncone,
354 4519 411 4562 ¹non
426 4506 504 4562 unius
517 4503 804 4582 dieigratulatiorram,
820 4508 868 4568 sad
883 4505 1072 4565 aeternitalem
1089 4505 1279 4569 immortalite·-

136 4613 138 4625 .
153 4581 264 4650 temque
277 4576 386 4637 donavit
402 4600 413 4632 ι
431 4579 478 4655 (ln
492 4583 568 4656 Pia,
585 4580 667 4655 HL).
