3222 5282
465 479 752 558 rinctus
803 471 946 598 rvsp

145 689 242 739 Leuis
257 687 453 737 sanctuario
468 687 515 735 ΑΙ)
531 687 690 738 actionus
705 687 878 739 munnae:
896 685 1010 736 annuli
1027 682 1178 743 entitas,

310 771 315 778 ’
344 775 546 836 nonaum,
563 776 746 827 turannio
761 779 805 826 ΕΤ
818 776 981 827 CANONES.

171 943 195 992 l.
209 939 263 993 Lex
275 935 414 1004 naturalis,
424 935 523 991 bomini
533 940 561 991 et
572 935 692 991 societati
703 943 745 991 est
754 934 927 1008 applicanda:
939 932 1037 990 bomini
1050 931 1216 1002 primumll.

100 1015 293 1070 Humanarum
308 1011 469 1068 facultatum
482 1013 640 1082 magistrae,
656 1010 698 1066 lex
715 1019 743 1067 et
756 1012 928 1067 conscientia.
951 1012 999 1066 lll.
1015 1009 1121 1064 Entitas
1134 1009 1218 1065 notio·

102 1091 160 1161 nis,
176 1088 250 1160 quid,
265 1094 293 1142 et
307 1092 416 1159 quanta·
436 1087 479 1144 lV.
493 1087 619 1141 Entilalis
630 1102 757 1143 canones.
767 1089 797 1145 V.
807 1087 926 1143 bellonis
941 1084 1089 1156 moralitas,
1107 1085 1218 1156 eiusque

101 1166 210 1234 primus
224 1177 321 1217 canon.
336 1162 381 1220 Vl.
392 1162 551 1217 Declaratur
565 1162 651 1230 prima
664 1163 773 1218 canonis
787 1177 863 1233 pars.
875 1163 933 1220 Vll.
947 1161 1105 1217 Declaratur
1121 1160 1216 1214 altera.

100 1240 178 1297 vlit.
194 1239 287 1293 Canon
301 1237 447 1292 secundus.
462 1237 507 1292 lll.
524 1236 683 1292 lloralitatis
697 1236 841 1294 clementor
857 1238 1010 1307 obiectarem
1026 1236 1059 1292 X.
1069 1237 1153 1308 flniq
1169 1235 1217 1290 xl.

92 1315 363 1371 'circumstantiae
379 1312 440 1368 llll.
455 1312 521 1381 Quid
535 1313 685 1381 imputatio.
700 1313 773 1369 lllll.
786 1315 875 1369 Prima
886 1319 928 1368 est
940 1330 954 1367 u
967 1311 1218 1368 conscientialllV.

100 1388 186 1462 Quid,
203 1389 316 1444 ncaetio
332 1387 479 1456 deputetur
492 1387 525 1442 ad
537 1387 657 1458 culpam.
673 1389 727 1445 XV.
744 1386 823 1458 Quid,
839 1395 869 1444 ut
882 1394 1009 1445 vertatur
1023 1387 1047 1441 in
1063 1385 1180 1455 laudem,
1193 1393 1221 1442 et

101 1464 269 1535 praemium.
285 1463 354 1520 Xlll.
369 1463 502 1519 Aeternac
515 1460 584 1534 legis
601 1463 752 1532 imputatio·
765 1464 846 1520 XVll.
862 1464 980 1520 iniuriae
988 1460 1030 1517 vel
1041 1466 1220 1530 peccatanon

100 1541 196 1596 omnia
210 1554 242 1594 ex
257 1538 372 1610 obiecto,
388 1538 430 1593 vel
447 1538 568 1594 subiecto
582 1544 648 1594 sunt
661 1539 793 1610 aequalia.
810 1539 905 1597 lllllll.
919 1541 1134 1595 demonstratur.
1148 1536 1219 1590 lllll.

100 1617 269 1686 Stoicorum,
286 1619 366 1684 atque
381 1615 592 1670 Protestautium
607 1629 695 1684 mens,
710 1620 739 1670 et
753 1614 906 1670 consilium.
920 1615 978 1670 llll.
994 1612 1128 1670 Virtutum
1141 1617 1169 1666 et
1179 1611 1222 1666 vi·

99 1691 205 1746 tiorum
219 1689 377 1746 discrimina
388 1694 482 1744 natura
491 1691 550 1757 ipsa
557 1690 707 1745 constituit.
722 1690 793 1746 lllll.
807 1686 1108 1759 Primusjmputationis
1118 1701 1216 1742 canon.

102 1765 193 1822 llllll.
206 1763 297 1820 Canon
313 1763 458 1822 secundus.
468 1763 566 1820 lllllll.
582 1763 702 1836 Regulae
714 1763 862 1820 servandae
876 1781 939 1822 cum
952 1766 1010 1821 iure
1023 1761 1126 1818 iuribus
1136 1777 1222 1834 oppo-

103 1847 221 1898 uantur.
238 1840 332 1897 xxiv.
346 1842 479 1896 detersae
492 1839 572 1912 legis,
586 1847 700 1896 aeterua
714 1848 757 1898 est
772 1841 921 1912 imputatio.

115 2013 122 2022 ·
192 1991 220 2054 1.
240 1990 343 2070 Quam
357 1990 535 2056 invenimus
558 1991 621 2067 lex,
646 1991 764 2056 bomini
775 1991 926 2074 primum,
938 1990 1050 2056 deinde
1062 1990 1224 2055 bominum

101 2080 244 2144 societati
258 2084 307 2143 est
318 2080 514 2162 applicanda,
525 2089 561 2145 ut
573 2081 622 2144 ius
635 2081 795 2161 privatum
806 2086 838 2145 et
851 2080 1011 2162 publicum
1024 2097 1121 2162 aequa
1135 2080 1223 2145 iron-

99 2174 133 2233 te
147 2170 311 2340 ducaqrus.
321 2168 445 2233 Horum
458 2187 556 2234 unum
568 2187 728 2252 praesens,
743 2170 875 2234 alterum
888 2187 1019 2255 sequens
1031 2169 1223 2234 tituluscon-

98 2257 191 2323 ficiet
207 2257 238 2336 (a

194 2346 240 2410 11.
255 2344 416 2411 Facultate
435 2346 637 2430 intellipendi,
660 2347 795 2425 volendi,
811 2347 970 2431 libereque
983 2347 1123 2428 elipandi,
1138 2347 1222 2411 Deus

100 2433 269 2498 hominem
281 2434 486 2510 instruxerat,
498 2454 537 2500 ne
549 2438 603 2519 qui
616 2436 708 2501 rebus
720 2437 834 2502 ceteris
842 2437 1075 2509 dominabatur,
1086 2436 1222 2517 seipsum

99 2523 134 2586 in
152 2522 320 2587 dominatu
335 2541 400 2588 non
412 2523 554 2589 haberet.
568 2526 617 2590 Ne
632 2529 739 2589 lamen
753 2544 770 2589 a
782 2526 913 2609 reliquis
924 2523 1139 2589 universitatis
1150 2543 1222 2607 par-

99 2611 187 2676 tibus
196 2610 352 2685 differret,
362 2629 439 2676 neve
453 2612 583 2677 libertas
594 2615 629 2678 in
641 2614 802 2679 licentiam
815 2616 927 2690 abiret,
936 2615 998 2696 iope
1010 2614 1099 2678 illum
1108 2619 1223 2678 etron-

100 2701 235 2765 seientia
249 2700 471 2776 communivit;
492 2720 627 2786 quorum
646 2703 701 2767 illa
717 2703 835 2767 lineam
850 2704 990 2785 signaret
1016 2720 1110 2786 quam
1135 2702 1224 2766 netas

98 2793 185 2854 esset
200 2788 373 2864 transilire,
392 2790 491 2862 altera
506 2791 613 2872 ipsum
635 2792 675 2856 de
691 2810 756 2856 non
770 2793 975 2858 transilienda
996 2795 1154 2865 moneret,
1174 2792 1222 2855 vel

100 2878 140 2941 de
156 2877 318 2942 transilita
334 2878 399 2941 iam
414 2886 611 2961 coargueret.
635 2882 692 2945 llla
708 2881 813 2964 itaque
829 2883 982 2963 quaedam
998 2880 1094 2944 veluti
1112 2897 1223 2943 norma

99 2983 137 3030 ao
153 2965 276 3040 libella,
291 2965 368 3032 haec
380 2966 519 3046 ejusdem
532 2969 715 3051 applicatio;
730 2971 785 3034 illa
798 2970 903 3045 iudex,
914 2970 990 3035 haec
1004 2986 1130 3049 praeco.
1141 2968 1224 3032 Hinc

102 3059 170 3118 tota
182 3055 378 3120 moralitatis
390 3061 502 3120 natura
514 3063 547 3122 et
559 3059 759 3134 constitutio,
777 3059 915 3122 humano
928 3057 1102 3122 institutori
1115 3057 1162 3120 vel
1176 3056 1224 3119 iu·
1261 3123 1266 3136 .
1356 3031 1363 3042 ⁹

101 3143 165 3206 diei
181 3143 339 3226 exquisite
353 3146 584 3227 perpendenda,
602 3165 698 3232 quum
714 3149 752 3212 de
768 3149 926 3212 actionum
943 3145 1153 3228 imputatione
1169 3145 1225 3208 liat

98 3232 259 3314 quaestio.
275 3233 338 3297 Sed
354 3250 410 3296 nec
421 3234 461 3297 de
473 3237 661 3311 moralitate,
676 3255 733 3300 neo
746 3238 784 3300 de
797 3236 1007 3318 imputatione
1020 3250 1116 3316 aequa
1128 3237 1161 3296 et
1174 3237 1224 3298 tu-

102 3326 133 3384 ta
149 3324 244 3385 erunt
260 3321 390 3396 indicta,
406 3323 467 3386 nisi
482 3325 521 3387 ab
536 3325 698 3390 actionum
715 3325 847 3392 entitate
862 3325 1075 3389 exordiamur.

193 3411 254 3475 lll.
263 3411 390 3477 Entitas
402 3412 536 3477 actionis
551 3414 763 3479 bumanaeest
777 3415 859 3479 actio
869 3416 935 3497 ipsa
944 3414 977 3476 in
989 3431 1045 3476 suo
1058 3429 1125 3476 esse
1135 3415 1225 3475 natu-

101 3497 161 3560 rali
170 3500 355 3575 constituta,
366 3499 467 3583 iisque
478 3502 642 3568 elementis
651 3503 845 3590 continetur,
859 3504 970 3587 quibus
982 3502 1065 3567 actio
1075 3501 1142 3582 ipsa
1153 3519 1225 3581 per-

102 3585 223 3651 licitur.
240 3587 326 3652 Haec
340 3588 496 3654 elementa
512 3598 585 3657 sunt
599 3593 781 3668 intellectus,
800 3593 958 3665 voluntas,
977 3591 1115 3655 libertos.
1125 3590 1225 3653 Tanta

101 3673 202 3755 igitur
213 3676 277 3741 erit
289 3675 421 3741 actionis
433 3677 560 3754 entitas,
574 3687 690 3764 quanta
699 3681 797 3745 luerit
808 3681 986 3747 intellectus
999 3678 1154 3760 cognitio,
1170 3695 1226 3759 ap·

104 3765 219 3842 petitio
236 3764 417 3857 voluntatis,
435 3772 468 3832 et
484 3769 619 3833 solutae
635 3771 678 3844 vi,
697 3770 826 3845 timore,
844 3769 891 3835 vel
909 3767 1142 3852 praevenientis
1156 3783 1227 3848 pas-

104 3851 202 3918 sionis
219 3856 308 3919 aestu
323 3854 436 3920 electio
452 3856 621 3922 libertatis.
900 3875 903 3882 ·

170 4027 223 4101 lul
244 4030 317 4098 Quae
332 4029 383 4086 boc
401 4031 480 4088 titulo
495 4034 694 4106 persequimur,
712 4034 746 4090 de
765 4035 904 4094 actionum
921 4034 1099 4092 humanarum
1114 4028 1228 4105 analysi,

104 4108 198 4160 natura
210 4104 332 4179 physica,
342 4107 448 4180 morali,
458 4123 606 4182 earumque
617 4112 792 4180 imputatione
805 4115 833 4167 et
842 4111 1005 4182 quantitate,
1017 4109 1083 4165 iuris
1094 4107 1189 4177 privati
1200 4111 1228 4161 et

104 4178 205 4248 publici
217 4179 344 4236 consulto
356 4184 478 4253 apprime
494 4185 781 4258 suntperrestiganda:
797 4191 864 4242 tude
876 4186 1116 4255 potissimumcum
1128 4196 1229 4252 poenae
1252 4227 1254 4232 .

105 4253 148 4310 vel
165 4255 289 4326 praemia
303 4254 338 4312 ad
355 4257 471 4316 institiae
486 4260 676 4332 aequalilatem
691 4263 745 4316 sint
758 4261 942 4333 rependenda.
960 4263 1037 4317 Hanc
1051 4257 1227 4330 provinciam,

104 4343 168 4400 prae
183 4331 296 4402 ceteris,
310 4336 514 4392 accuratissima
526 4343 637 4392 versant
649 4335 776 4409 theologi,
785 4336 882 4409 quibus
894 4336 992 4392 interni
1009 4335 1059 4391 lori
1071 4332 1167 4390 iudicia
1181 4331 1229 4388 de·
1271 4383 1273 4386 .

105 4405 282 4462 mandantur.
304 4406 357 4463 Sed
374 4416 402 4465 at
419 4411 569 4466 criminalis
587 4426 693 4484 quoque
712 4411 870 4481 prudentiae
887 4411 975 4480 periti:
996 4412 1042 4484 qui
1055 4417 1144 4466 tamen
1152 4406 1228 4478 quasi

104 4480 203 4552 aliena,
213 4495 264 4536 uos
278 4488 370 4539 autem
384 4499 418 4540 ex
435 4486 524 4542 cilicio
533 4485 577 4542 illa
586 4493 797 4556 pertractantes.
806 4486 872 4544 Vide
886 4489 1013 4558 Ronanus,
1028 4482 1165 4558 quondam
1175 4481 1227 4536 llo·

105 4557 177 4613 mani
198 4555 328 4616 Athenaei
346 4562 538 4632 antecessoris,
559 4561 711 4620 Elementa
727 4563 803 4622 luris
823 4560 1001 4633 criminalis.
1019 4559 1066 4616 lib.
1084 4560 1105 4632 l,
1121 4570 1182 4627 cap.
1200 4557 1227 4610 ³.
