3224 5282
423 283 486 349 102
865 303 995 354 unser.

464 459 524 525 xi.
542 461 604 526 Pro
621 461 738 544 triplici
752 461 813 528 boc
827 479 934 543 rerum
948 460 1059 527 ordine
1073 461 1113 525 ad
1127 477 1220 543 quem
1235 456 1353 524 conditi
1368 471 1489 531 sumus,

375 546 490 630 triplex
507 549 673 620 anarchiae
688 565 785 633 genus
799 551 970 617 oriebatur.
988 550 1130 615 Primum
1144 548 1198 614 illc
1212 555 1281 614 erat
1295 543 1495 630 pbilosophi-

375 655 429 700 cus
443 637 669 719 scepticismus,
685 657 749 721 qno
762 639 895 706 rationis
909 645 942 705 et
956 656 1102 702 sensuum
1124 638 1294 703 auctoritas
1314 631 1496 700 excutieba-

377 730 440 800 tur,
453 733 547 808 prout
562 727 771 794 instmmenta
781 733 854 800 sunt
863 726 1080 808 cognitionum
1091 727 1310 792 humanarum.
1324 725 1393 791 Nos
1408 720 1496 784 ride-

378 831 447 880 mus
461 816 525 880 iam
539 834 709 898 corpomm
728 816 929 882 existentiam
951 821 1169 898 pernegantes,
1186 819 1219 879 et
1238 814 1272 877 in
1287 810 1497 877 domesticam

377 921 524 968 sensuum
539 905 761 971 auctoritatem
775 905 983 986 insurgentes
1002 904 1063 970 Sed
1074 904 1170 970 levior
1183 920 1222 967 ne
1232 901 1365 966 secunda
1381 904 1416 964 et
1431 901 1499 962 ter-

378 991 425 1057 tio
441 993 606 1058 anarehiae
619 995 750 1078 species,
766 994 890 1060 civilem
901 993 997 1056 simul
1011 997 1044 1057 ct
1058 992 1197 1057 divinam
1208 989 1432 1056 auctoritatem
1443 985 1500 1049 de-

378 1083 565 1147 trectantes?
583 1081 761 1147 Anarcbiae
775 1083 881 1164 itaque
896 1087 929 1146 et
949 1081 1139 1164 scepticismi
1154 1081 1288 1145 circulus
1303 1079 1337 1142 in
1354 1094 1393 1140 eo
1409 1079 1499 1141 totus

380 1171 585 1249 pervolvitur,
603 1175 706 1236 utnos
723 1169 953 1237 velorationis
972 1174 1005 1234 et
1027 1187 1185 1243 sensuum,
1204 1169 1248 1232 vel
1264 1186 1283 1231 a
1297 1164 1397 1237 civili,
1415 1163 1464 1227 vel
1481 1178 1501 1224 e

380 1258 526 1339 religiosa
535 1260 723 1325 auctoritate
737 1259 964 1324 subtrahamus:
974 1258 1124 1334 delentes,
1133 1261 1284 1340 quantum
1293 1255 1327 1319 in
1337 1251 1499 1324 nobisest,

381 1345 543 1412 hominem
559 1349 592 1418 in
608 1347 713 1428 primo
726 1365 810 1422 casu,
819 1348 1002 1413 societatem
1016 1347 1051 1410 in
1063 1347 1175 1424 altero,
1183 1352 1216 1410 et
1224 1346 1325 1410 Deum
1336 1343 1371 1406 in
1386 1339 1500 1404 tertio.

461 1440 538 1505 ΧΠ.
555 1439 711 1503 Hactenus
726 1437 945 1501 rationabilem
960 1435 1151 1518 inspeximus
1165 1434 1401 1500 eucnrnatem:
1417 1445 1503 1491 nunc

379 1530 468 1595 illam
484 1527 641 1594 videamus
656 1526 872 1606 imperantem.
890 1525 984 1598 Nam,
1001 1522 1263 1605 quemadmodum
1282 1520 1425 1584 rationes
1441 1515 1503 1579 bu-

380 1635 547 1684 manaeex
560 1618 689 1679 aeterna
712 1613 771 1682 Dei
786 1614 909 1678 retrone
930 1612 1160 1687 illuminantem
1178 1613 1225 1678 ita
1246 1629 1287 1674 cx
1304 1621 1430 1672 summo
1446 1604 1503 1668 illo

378 1709 558 1788 imperante
581 1707 692 1776 cuncta
711 1701 811 1767 llunnt
828 1701 972 1783 imperia.
990 1699 1133 1765 Primum
1156 1699 1279 1765 bomini
1295 1697 1425 1761 insonat
1447 1710 1506 1774 per

378 1796 525 1860 intimam
540 1793 588 1856 sui
604 1791 703 1873 ipsius
717 1791 886 1866 rationem,
905 1794 1017 1855 utnon
1033 1805 1112 1872 quae
1129 1788 1246 1870 piacita
1258 1786 1312 1850 sed
1323 1801 1407 1867 quae
1419 1781 1505 1845 iussa

377 1889 463 1956 sunt,
483 1881 594 1945 libenti
608 1882 780 1962 exequatur
802 1879 973 1943 voluntate:
993 1894 1056 1941 non
1078 1877 1112 1940 in
1133 1875 1267 1941 rationis
1290 1879 1432 1943 tantum,
1450 1870 1505 1932 sed

379 1972 414 2034 in
429 1969 577 2036 Numinis
591 1967 785 2050 obsequium,
802 1969 890 2032 cuius
901 1967 965 2032 vim
976 1971 1009 2030 et
1022 1967 1233 2045 praesentiam
1245 1963 1345 2028 sentit
1356 1961 1457 2024 bomo
1470 1958 1505 2020 in

379 2059 481 2124 cordis
496 2074 567 2120 arce
582 2057 798 2120 constitutam.
815 2054 857 2140 (c)
914 2093 918 2102 ·
1481 2061 1483 2065 ’

467 2145 560 2210 Xlll.
582 2143 642 2210 Sed
658 2143 781 2207 socialis
796 2144 904 2218 homo,
923 2141 1061 2224 primum
1076 2141 1110 2206 in
1127 2140 1258 2215 lamilia,
1276 2137 1394 2204 deinde
1410 2134 1446 2199 in
1461 2134 1508 2199 ci-

380 2234 490 2300 vitatee
508 2232 553 2296 ibi
569 2237 601 2297 et
615 2231 694 2305 illic,
716 2250 885 2314 numquam
900 2249 940 2296 ex
953 2231 1012 2297 Dei
1034 2229 1171 2311 imperio
1190 2245 1350 2294 evasums.
1366 2227 1459 2304 Ergo
1474 2240 1509 2286 a·

379 2323 438 2388 n'us
454 2321 613 2401 imperans
629 2320 662 2384 in
678 2320 799 2384 familia
813 2325 847 2385 et
869 2319 1055 2393 incivitate,
1073 2318 1129 2400 qui
1150 2317 1357 2382 domesticam
1372 2318 1409 2378 et
1423 2311 1509 2394 poli-

380 2412 476 2476 ticam
498 2413 641 2473 exerccet
659 2409 889 2473 auctoritatem.
908 2407 943 2473 Si
961 2406 1013 2472 hic
1029 2413 1160 2472 naturae
1182 2410 1216 2470 et
1231 2405 1291 2470 llei
1315 2399 1508 2484 imperantis

381 2502 468 2564 tenet
484 2497 598 2572 officia,
616 2501 651 2561 ut
667 2496 752 2560 illius
771 2497 978 2582 obsequamur
989 2495 1183 2569 auctoritati,
1198 2493 1296 2558 efficit
1306 2491 1455 2557 eiusdem
1474 2507 1508 2552 o-

462 2655 500 2730 (ol
518 2656 631 2714 Errores
652 2657 697 2728 qui
711 2673 785 2714 nunc
799 2656 995 2730 philosophiam
1008 2661 1145 2723 evertunt,
1161 2653 1291 2711 moralem
1309 2650 1426 2723 deinde,
1443 2650 1508 2710 civi·

378 2733 432 2790 lem
446 2740 473 2788 et
487 2731 624 2802 politicam
638 2731 877 2802 iurisprudentia'm
897 2731 1090 2802 impossibilem
1104 2727 1279 2798 efficinnl,nd
1290 2728 1342 2784 hoc
1357 2743 1447 2782 unum
1462 2740 1509 2781 re·

377 2814 516 2864 vocantur:
532 2810 698 2862 antennas
709 2812 838 2864 rottents
852 2806 1006 2864 esclnsteo.
1025 2819 1037 2856 a
1052 2806 1203 2862 bichinruta
1215 2802 1251 2859 ds
1264 2804 1334 2860 Kant
1350 2801 1378 2857 la
1392 2801 1508 2873 regione

376 2890 530 2952 solemma,
545 2879 604 2936 clod
616 2880 795 2953 leptsletrr'ce
807 2898 828 2937 o
840 2897 872 2939 se
884 2881 1053 2952 medecina,
1064 2896 1080 2937 e
1091 2879 1172 2936 dalle
1178 2883 1300 2952 proprie
1309 2891 1362 2933 sne
1375 2875 1456 2949 leppi
1464 2873 1509 2932 sol

375 2956 557 3030 dipendente,
580 2955 604 3010 le
619 2953 710 3012 scuole
723 2955 851 3012 tedescbe
864 2963 1011 3013 entrarono
1025 2956 1051 3010 in
1064 2960 1161 3028 questa
1181 2954 1277 3009 retain.
1292 2950 1393 3020 Quindi
1410 2951 1508 3008 Flebis

376 3037 429 3088 nort
443 3031 583 3087 considera
596 3029 614 3086 il
627 3030 735 3098 dovere,
744 3046 773 3087 se
788 3047 840 3087 non
855 3045 931 3089 come
944 3046 1007 3086 ena
1019 3029 1098 3102 leppe
1109 3028 1162 3084 cbe
1173 3028 1226 3084 l'ro
1235 3031 1354 3100 impone
1367 3041 1389 3082 a
1403 3041 1436 3082 se
1448 3031 1508 3082 stc·

375 3123 415 3172 so,
432 3111 561 3178 equester
573 3105 651 3178 lappe
667 3109 790 3162 consiste
803 3105 850 3162 nel
862 3110 1020 3178 rispettcrc
1032 3103 1055 3160 rt
1069 3100 1174 3160 dirttto
1187 3101 1293 3160 ottrnt.
1302 3103 1355 3158 Per
1368 3101 1460 3173 liegel
1474 3099 1508 3156 le

374 3179 519 3238 morotttd
533 3181 548 3236 d
561 3181 753 3237 nn'ormonto
764 3178 918 3237 dell'nomo
931 3178 1007 3235 colla
1019 3184 1167 3244 notura,c
1180 3178 1213 3234 te
1225 3173 1373 3233 nonnae
1390 3179 1427 3232 in
1439 3191 1506 3233 πιο-

374 3257 510 3324 rotefine
523 3271 544 3312 o
557 3270 587 3311 se
600 3262 700 3320 stesso,
714 3271 732 3310 o
745 3254 826 3328 teppe
840 3253 872 3310 dt
885 3251 1040 3310 nsoralttd.
1054 3255 1158 3321 Quanto
1175 3251 1355 3322 aScbelllng,
1369 3249 1427 3321 egli
1444 3250 1508 3306 dica

375 3331 425 3387 ebe
439 3347 470 3387 se
483 3335 539 3387 Dto
552 3335 645 3395 estete,
659 3335 745 3385 eststc
758 3331 851 3386 subito
862 3343 916 3401 per
928 3343 1127 3401 consequence
1139 3344 1181 3384 un
1193 3324 1303 3384 mondo
1315 3323 1447 3383 morale.-
1462 3341 1509 3381 mn

376 3406 525 3477 soggionge
539 3404 592 3459 else
604 3403 636 3459 te
651 3406 732 3460 certat
745 3404 761 3460 ὲ
775 3420 834 3460 nsno
847 3409 925 3460 noto
939 3401 987 3460 nel
1000 3401 1087 3474 quote
1096 3401 1226 3458 l'antma
1235 3405 1263 3458 st
1273 3401 1435 3474 conforma
1445 3417 1509 3460 non

376 3477 443 3534 alte
456 3478 536 3551 teppe
544 3480 727 3550 postosnert
740 3477 772 3533 dt
785 3477 832 3544 let,
847 3494 900 3536 ma
913 3477 992 3548 bcnst
1005 3493 1085 3533 conec
1097 3475 1140 3534 dn
1149 3492 1212 3534 nno
1222 3472 1370 3533 necessttd
1380 3477 1509 3532 interna

376 3551 458 3608 cletta
471 3558 585 3608 natum
598 3565 665 3606 sno.
684 3572 695 3602 o
713 3552 814 3619 Quibus
830 3553 936 3623 positis,
946 3551 1085 3608 concludit
1098 3552 1244 3608 rectissimi
1258 3551 1362 3622 ingenii
1372 3549 1418 3604 vir
1428 3550 1508 3606 Emi·

308 3655 316 3670 ·
376 3627 464 3682 lienus
478 3641 570 3682 comos
584 3624 660 3681 belle
672 3626 954 3696 llotta,Teurinensis:
973 3647 985 3678 v
1002 3628 1084 3682 lutto
1098 3625 1124 3682 la
1138 3625 1262 3682 morelitt
1276 3641 1292 3680 e
1305 3625 1333 3680 la
1348 3624 1434 3696 legge
1450 3640 1508 3680 non

375 3705 510 3771 potranno
523 3713 601 3757 esser
614 3699 686 3756 altro
699 3701 754 3766 che,
764 3701 790 3757 lo
807 3702 929 3772 sviluppo
949 3717 1003 3757 non
1017 3701 1207 3760 condizionnto
1227 3697 1331 3756 dell’ro.
1347 3698 1388 3755 Ne
1403 3705 1507 3770 questo

376 3776 456 3847 potra
471 3791 535 3832 aver
548 3775 693 3849 superiori,
709 3773 811 3847 perche
828 3776 946 3834 secondo
959 3776 1047 3847 questi
1061 3775 1166 3847 filosofi,
1188 3774 1206 3830 il
1220 3775 1268 3830 bio
1281 3789 1348 3829 vero
1370 3787 1386 3828 e
1409 3789 1508 3844 perso·

297 3880 301 3887 ·
375 3849 482 3907 nificato
497 3848 512 3906 e
526 3849 636 3922 l’uomo,
651 3865 667 3906 e
680 3867 733 3906 non
747 3865 779 3907 ce
796 3849 836 3906 n’e
849 3849 929 3907 altro.
939 3850 993 3906 Che
1008 3862 1037 3906 se
1050 3850 1076 3906 la
1085 3845 1359 3906 coeslstencadell'ro
1369 3848 1428 3904 mio
1439 3863 1507 3918 pro·

374 3925 433 3996 prio
444 3941 495 3982 con
509 3925 570 3982 altri
585 3925 710 3982 individui
724 3925 777 3997 pub
791 3926 933 3997 suggerire
947 3924 973 3980 la
986 3921 1361 3996 tormola21ltspettol'1o,e
1376 3921 1403 3978 tl
1415 3921 1509 3980 dirit-

373 4005 404 4054 to
416 3998 522 4068 altrat·
530 4001 635 4074 giudice
649 3999 769 4056 assoluto
783 3999 810 4056 di
823 4006 893 4056 tutte
906 3999 932 4055 le
945 4013 1007 4055 cose
1021 3998 1137 4054 essendo
1152 3997 1264 4070 quell’ro
1278 3996 1338 4054 solo
1350 3996 1406 4054 che
1420 4006 1467 4054 sta
1481 3999 1509 4054 in

373 4089 428 4147 me,
442 4081 522 4133 tatto
535 4076 567 4133 lo
581 4072 727 4133 moranni
739 4078 819 4131 otene
832 4089 853 4130 e
865 4077 1021 4130 consistere
1033 4071 1080 4129 nel
1093 4072 1224 4145 ptudtzto
1237 4071 1289 4128 clte
1301 4087 1339 4130 ne
1349 4076 1510 4143 portioned

373 4153 424 4205 not
435 4149 598 4215 medestme',
613 4164 690 4207 come
705 4147 834 4220 pretende
848 4149 985 4204 lloussenu
998 4146 1069 4203 nella
1083 4147 1254 4204 Protessione
1274 4145 1318 4202 del
1332 4147 1446 4204 vicario
1460 4149 1510 4204 Sn-

373 4223 492 4281 voirrdo.
510 4247 522 4279 n
546 4226 662 4300 (Soppto
679 4227 797 4281 tntorno
814 4219 846 4278 ot
858 4220 1038 4286 Soctattsmo,
1060 4236 1114 4293 pag
1142 4218 1282 4295 sot-8093
1299 4221 1404 4278 'lorino
1425 4221 1508 4294 1851}

374 4297 433 4353 llnc
445 4301 591 4372 precipites
605 4315 656 4358 nos
670 4299 727 4371 ogit
738 4297 896 4368 obsequium
910 4297 1004 4352 rationi
1019 4303 1133 4368 propter
1146 4298 1281 4354 rationem
1294 4295 1440 4354 exclusive
1459 4295 1510 4353 de-

373 4369 468 4430 latum:
482 4375 509 4431 in
522 4373 735 4434 intellectualem
747 4370 860 4440 seilicet,
872 4368 1049 4441 moralemet
1062 4366 1168 4427 civilem
1181 4371 1355 4443 anrrobiam,
1366 4373 1509 4429 omnium·

372 4460 424 4571 gne
443 4447 681 4576 {bsolntissimam
703 4459 755 4518 qua
773 4445 910 4502 hominum
930 4446 1044 4501 societas
1064 4461 1117 4500 non
1131 4444 1212 4504 modo
1226 4448 1349 4521 angitur,
1367 4445 1421 4509 sed
1437 4461 1509 4522 pene

393 4534 444 4576 reso
458 4523 538 4581 vitur.
