3222 5282
1149 307 1185 360 lx

197 447 285 537 Quae
300 451 328 519 sl
343 453 488 522 recteest
498 448 668 532 sententia,
687 455 830 520 nostram
840 447 955 536 agendi
967 451 1125 521 rationem
1137 455 1231 520 simul

104 561 350 644 exposuimuset
357 561 433 627 tuiti
442 560 673 641 sumusQuum
682 559 770 624 enim
778 559 876 642 proba
884 560 1232 642 inspexerimusquan-

103 670 176 732 tarn
191 667 226 729 in
242 665 312 729 iura
328 668 361 732 et
372 665 479 730 effide
494 664 616 731 cladem
630 663 780 730 intulerit
797 662 884 729 ratio
899 663 962 728 sibi
977 663 1039 748 ipsi
1053 663 1177 739 relicta,
1186 669 1232 730 ut

103 770 236 838 tandem
247 761 610 837 exSamueleGocceios
626 770 696 853 ipsa
712 769 883 835 existentia
897 768 1056 836 eiusmodi
1069 767 1149 833 iuris
1162 770 1233 852 plu·

106 874 200 938 ribus
215 878 359 956 suspecta
374 875 438 939 risa
451 875 549 942 licerit
565 874 608 959 1);
622 897 639 937 »
651 878 793 939 creatam
807 871 965 938 rationem
977 871 1017 938 ad
1028 871 1170 939 divinam
1181 891 1235 940 ex·
1260 891 1283 967 ι)
1298 892 1357 951 vid.
1375 908 1437 966 pag.
1452 895 1481 948 c,

106 979 237 1052 tollere,
255 979 381 1064 quando
396 978 569 1044 necessitas
584 979 777 1061 impelleret,
793 978 884 1043 nobis
897 983 988 1042 mens
999 981 1095 1060 atque
1111 979 1236 1043 animus
1257 1061 1268 1068 ἱ

107 1081 187 1148 init.
204 1081 253 1148 Eo
270 1083 320 1147 vel
333 1083 488 1160 maxime,
505 1087 573 1150 uta
588 1082 750 1168 principio
765 1081 986 1158 innuebamus
1003 1081 1088 1166 quod
1098 1081 1236 1147 humanu

105 1187 196 1252 ratio
213 1203 277 1250 non
290 1204 403 1252 errore
425 1187 584 1270 tantisper
604 1187 777 1261 delectato,
791 1185 848 1250 sed
868 1186 1047 1252 naturalem
1069 1186 1236 1251 hominum

103 1289 387 1366 constitutiunm
402 1291 472 1356 iura
481 1290 711 1374 imperantium
721 1295 756 1357 et
768 1291 972 1374 populorum,
984 1291 1173 1374 religionem
1185 1292 1239 1356 de-

106 1394 208 1478 nique
222 1393 326 1478 ipsam
340 1394 511 1460 recudendi
528 1395 577 1462 vel
589 1394 721 1461 creandi
734 1411 849 1460 munus
872 1399 968 1477 atquc
988 1395 1162 1478 imperium
1176 1395 1239 1461 sibi

106 1499 301 1566 contulerit
310 1499 397 1565 'Inde
411 1501 609 1567 naturalibus
624 1503 658 1566 ct
672 1498 789 1566 divinis
806 1498 932 1564 socialis
950 1500 1035 1565 vitae
1050 1501 1238 1566 tundamen-

108 1604 168 1680 tis,
184 1603 299 1686 quibus
312 1619 467 1688 eumpeae
489 1612 599 1690 gentes
614 1604 829 1679 adoleverant,
847 1603 911 1670 late
926 1605 1101 1680 concussis,
1120 1605 1238 1686 triplex

108 1707 231 1772 iurium
246 1711 282 1772 'et
294 1706 458 1773 societatis
473 1708 565 1782 ordo,
576 1705 759 1782 raimodis,
770 1706 883 1784 ciuilis,
901 1711 933 1773 et
941 1707 1100 1787 politicus,
1118 1708 1240 1774 turbari

109 1829 150 1878 ac
166 1811 294 1876 misceri
316 1813 400 1879 visus
415 1817 477 1878 cst.
493 1811 659 1895 Siquidem
677 1811 762 1876 ratio
779 1828 797 1874 a
813 1809 989 1877 Divinitate
1012 1812 1186 1886 abstracta,
1205 1831 1238 1878 se

109 1917 193 1982 adeo
209 1916 331 1981 iuribus
346 1915 505 1982 solvendis
515 1916 727 1998 aptissimam,
739 1915 1003 1997 recomponendis
1015 1935 1089 1982 uero
1104 1916 1238 2000 ineptis-

109 2021 243 2097 simam,
260 2020 353 2086 iactis
367 2019 647 2104 etexperimentis
660 2018 861 2102 prodiderat,
878 2023 915 2084 ut
929 2019 964 2084 in
980 2020 1092 2085 ordine
1107 2015 1236 2095 morali,

111 2127 272 2192 uirtutum
282 2127 493 2206 vitiorumque
503 2127 579 2208 fiaes
588 2123 641 2190 rix
652 2122 768 2188 alicubi
783 2122 1044 2200 constiterint3in
1056 2125 1155 2201 civili,
1164 2142 1240 2206 pro-

105 2232 247 2314 prietas,
265 2248 327 2316 qua
342 2231 410 2296 iere
424 2231 503 2306 solo,
521 2229 680 2312 quaelibet
696 2228 780 2294 iuria
793 2228 900 2294 civilia
914 2229 1133 2305 continentur,
1146 2231 1240 2298 suise

107 2337 240 2402 sedibus
255 2333 388 2410 revulsa,
406 2335 471 2400 iam
486 2335 552 2398 iam
569 2334 638 2415 ipsa
652 2333 844 2407 concideret
862 2334 896 2396 in
907 2333 1034 2414 politico
1049 2333 1176 2398 demum
1189 2354 1242 2402 or·

109 2441 203 2518 dine,
223 2439 395 2504 auctoritas
410 2457 505 2521 quarn
519 2437 666 2505 homines
687 2437 881 2517 ingentium
897 2439 944 2502 vel
959 2437 1169 2521 imperiorum
1185 2456 1243 2505 no·

110 2545 205 2610 mina
220 2542 450 2619 coadunantur,
467 2543 695 2628 imperantium
709 2541 845 2625 denique
860 2542 1109 2630 populorumque
1123 2543 1194 2610 iu'ra
1210 2548 1244 2612 et

111 2647 218 2715 officia
232 2663 357 2729 pessum
372 2646 469 2712 irent.
1217 2653 1220 2661 ·

213 2750 449 2816 Posterioribus
470 2751 590 2829 verbis,
609 2749 790 2833 propositae
812 2750 905 2814 nobis
919 2749 989 2817 viae
1009 2769 1135 2817 cursum
1150 2757 1246 2836 atque

112 2855 278 2929 ordinem,
291 2854 346 2921 rix
359 2857 538 2936 cogitantes
548 2853 725 2935 attigimus:
742 2855 819 2918 illuc
830 2853 918 2919 enim
930 2855 1173 2938 properandum,
1183 2876 1245 2940 quo

113 2959 214 3028 editis
224 2958 448 3042 compellimur
459 2959 572 3034 ruinis,
582 2958 833 3034 restaurationis,
850 2962 886 3023 ut
897 2976 1099 3041 auguramur,
1109 2965 1247 3027 aetatem
1360 3043 1363 3052 ¹

114 3064 305 3147 ingressuri.
323 3063 412 3144 Quae
426 3069 464 3129 ut
479 3064 580 3148 qualis
595 3067 643 3129 cst
657 3063 693 3127 in
703 3062 800 3137 votis,
817 3062 907 3129 sicet
922 3063 1062 3136 intactis
1076 3063 1242 3142 habeatur,

114 3169 240 3233 iunium
254 3168 456 3250 cognationes
468 3172 501 3234 et
517 3165 658 3241 foedera,
670 3166 869 3247 humanaque
884 3166 955 3230 iura
967 3165 1082 3232 divinis
1093 3166 1139 3230 sic
1151 3173 1246 3234 erunt

114 3269 330 3349 concilianda,
347 3276 386 3337 ut
399 3272 460 3337 sibi
475 3274 654 3354 congruont
667 3269 824 3335 humanae
835 3272 868 3334 et
883 3268 1009 3335 divinae
1024 3269 1244 3352 iurispruden·

113 3377 183 3443 tiae
197 3374 416 3456 fundamenta,
435 3375 489 3442 hic
503 3374 553 3445 rel
568 3374 636 3442 illic
651 3371 903 3440 constabiliendo
912 3372 1048 3450 firmius,
1059 3375 1107 3442 vel
1117 3376 1245 3460 penitus

114 3479 304 3546 reficienda.

121 3709 190 3764 sunt
202 3705 380 3778 perficienda:
396 3705 565 3766 trusionem
576 3701 708 3776 expolire,
723 3702 837 3778 eiusque
850 3701 961 3762 oracula
971 3703 1120 3779 postulare,
1133 3718 1189 3778 qua
1199 3705 1247 3765 illa

121 3813 156 3856 cx
170 3798 229 3855 ileo
242 3803 296 3872 est,
310 3803 394 3872 atque
407 3798 509 3872 dirina3
525 3800 553 3854 2.
569 3797 614 3854 nbi
627 3796 696 3854 haec
710 3795 829 3868 deficiat,
845 3796 898 3852 imo
911 3810 946 3852 ne
962 3794 1088 3867 deficiat,
1106 3797 1185 3873 longe
1199 3815 1248 3857 su·

121 3891 261 3962 periorcm
274 3889 356 3948 aliam
369 3891 535 3964 compellare
548 3890 690 3962 rationem,
699 3894 855 3946 ammaum
866 3887 993 3945 nimirum
1004 3893 1188 3964 sapientiam
1198 3910 1250 3952 stt·

120 3996 178 4055 per
191 3984 296 4040 omnic
308 3988 489 4054 monentem,
504 3981 576 4040 unde
589 3980 716 4038 universa
726 3978 863 4049 descripta
876 3984 940 4035 sunt
953 3980 1011 4036 iura
1025 3979 1065 4054 (s.
1078 3983 1160 4058 duc,
1176 3986 1249 4042 Con-

116 4073 210 4148 fess,
225 4072 298 4148 llll,
314 4074 343 4145 9,
359 4073 397 4148 3).
409 4075 482 4132 llaec
497 4073 519 4131 si
533 4088 588 4131 non
599 4071 687 4130 fracto
699 4071 789 4128 animo
803 4070 986 4144 perficiamus,
1004 4071 1073 4128 luris
1088 4074 1208 4133 Naturae
1222 4084 1250 4134 et

122 4163 254 4220 Gentium
267 4166 508 4238 restaurationem,
523 4178 605 4240 quum
616 4164 752 4236 sapientes
767 4161 980 4234 praestolantur,
1000 4161 1112 4220 tandem
1123 4164 1251 4241 aliquun-

124 4253 161 4311 do
175 4254 374 4328 ingrediemur.
382 4259 456 4316 llaec
466 4259 538 4316 enim
549 4257 603 4315 dno
611 4256 687 4314 uobis
698 4241 943 4327 compambimns(
943 4254 1007 4312 iuris
1018 4253 1249 4337 philosophiam,

125 4360 199 4419 quae
212 4347 372 4407 methodum
391 4351 591 4425 subministrem
610 4355 659 4408 tus
671 4347 815 4416 diuinum,
835 4347 908 4422 quod
921 4349 948 4405 in
961 4350 1132 4408 contexenda
1151 4353 1250 4414 iuriam

125 4438 214 4513 serie,
229 4439 269 4516 ita
279 4441 400 4499 omnium
411 4450 455 4501 est
467 4443 564 4501 iuriam
578 4440 718 4515 exemplar
727 4439 984 4515 notandamentnm‚
1002 4445 1044 4514 ut,
1058 4441 1103 4500 illo
1113 4444 1248 4519 submoto,

126 4525 487 4606 nullaunquamiuriumrel
498 4530 939 4616 odiciorumsoientlcnecportlcl,
957 4532 1143 4594 necconstitui
1154 4537 1248 4606 possit.
