3224 5282
438 365 481 433 92
884 383 1017 434 cruror.

391 533 430 596 de
444 531 562 607 Gletes:
579 537 640 614 qua
655 529 772 597 iterum
796 530 972 611 repudiata,
990 531 1057 596 lere
1075 528 1272 597 simulauit
1293 533 1326 595 et
1341 527 1508 595 obtruncat

391 620 594 686 Catharinam
609 620 755 694 Honard;
774 637 810 683 ae
825 621 939 685 deinde
950 619 1155 686 catharinam
1167 620 1257 692 Pam,
1270 637 1350 701 quae
1366 619 1420 682 vix
1431 635 1449 681 a
1462 635 1510 680 re·

391 710 444 791 gio
460 709 603 777 adultero
617 708 813 773 etcarnillce
829 707 996 773 incolumis
1018 708 1130 774 evasit.
1148 709 1185 773 lu
1202 708 1281 772 aulis
1295 712 1327 773 et
1344 707 1379 770 in
1394 723 1509 770 coeno·

391 798 464 871 biis,
482 797 575 863 initia
592 796 843 881 protestantismi
867 797 983 880 ubique
998 796 1185 862 adulterinis
1207 797 1256 862 vel
1275 794 1437 876 sacrilegis
1455 811 1510 856 nu-

390 887 465 970 ptiis
480 885 749 951 concelebrantur.
764 885 854 952 Unde
869 885 934 950 acri
949 886 1058 968 lepore
1068 885 1228 950 Erasmus:
1241 888 1315 950 «At
1328 883 1388 949 ista
1404 881 1510 946 omnis

390 976 551 1056 tragoedia
562 973 629 1038 exit
640 977 673 1038 in
686 975 917 1056 catastrophem
929 973 1095 1047 comicum,
1104 991 1160 1040 nar
1171 989 1326 1062 conrrurr
1334 989 1438 1040 mor.
1447 969 1511 1036 uc-

387 1063 519 1138 cinitur,
529 1057 627 1128 collo
642 1071 669 1127 et
681 1062 867 1143 plaudite...
882 1061 972 1129 Unde
986 1065 1075 1127 tantu
1086 1062 1190 1127 carnis
1200 1062 1333 1126 rebellio
1345 1061 1379 1125 in
1391 1057 1444 1123 his
1456 1057 1509 1140 qui

167 1155 190 1219 ll
215 1153 344 1210 Erasmus
360 1193 367 1223 ‚
387 1169 421 1215 se
436 1152 555 1218 iactant
571 1151 622 1233 agi
636 1151 753 1234 spiritu
762 1149 884 1217 Christi
895 1149 940 1234 1)?
954 1173 972 1213 a
984 1151 1034 1218 En
1049 1149 1207 1225 homines,
1218 1167 1258 1215 en
1274 1142 1450 1235 apostolos!
1461 1147 1509 1213 Ex

142 1233 237 1302 uptst.
250 1225 369 1320 aista·
388 1239 541 1307 fructibus
553 1242 657 1305 arbor.

140 1304 368 1396 ‘lamma'
477 1328 568 1394 XIV.
585 1328 755 1402 Verum‚si
767 1327 919 1393 miracula
931 1328 1044 1394 desunt
1054 1333 1087 1394 et
1095 1327 1329 1416 qualiscumque
1339 1323 1424 1404 ritae
1436 1341 1511 1410 pro-

141 1395 220 1435 ΜΘ·
388 1417 481 1492 urus,
500 1417 618 1500 vigebit
634 1436 674 1482 ne
689 1417 801 1481 saltem
816 1416 969 1482 alantur

474 1507 631 1572 Lntherns
646 1506 819 1572 Henricum
835 1522 955 1586 regem,
971 1510 1008 1570 ut
1023 1505 1175 1586 ineptum,
1193 1507 1355 1584 imnum,
1376 1504 1508 1570 sacrile-

384 1613 470 1678 qum,
484 1613 656 1676 porcorum
671 1595 813 1659 omnium
828 1602 856 1659 ct
871 1595 1037 1660 mnarum
1052 1594 1508 1676 imperitissimuminsectaba-

386 1689 450 1749 tur.
469 1685 604 1750 Lovanii
627 1685 781 1758 doctores,
799 1683 922 1758 bestius,
940 1701 1022 1762 sues,
1038 1699 1193 1768 poponus,
1208 1683 1384 1764 ‘epicureos
1403 1685 1511 1748 emens

385 1773 577 1854 appellabat.
596 1774 716 1855 Papam
731 1777 765 1837 et
780 1789 889 1836 omnes
904 1772 1007 1854 Papae
1021 1775 1204 1847 sectatores,
1218 1776 1254 1837 ut
1267 1773 1407 1836 latrones
1422 1772 1512 1836 inse-

384 1861 525 1942 quendos
541 1880 607 1926 esse
622 1867 655 1926 et
670 1860 935 1936 exterminandos,
959 1861 1025 1926 sive
1037 1877 1136 1942 neges
1152 1861 1271 1926 luerint
1285 1859 1352 1924 sive
1366 1859 1510 1942 impera-

384 1952 483 2013 tores.
502 1951 661 2024 Erasmus,
680 1949 889 2029 politissimus
904 1949 1010 2014 forsan
1026 1948 1075 2012 sui
1089 1949 1204 2014 saeculi
1221 1950 1282 2024 vir,
1298 1965 1332 2012 se
1351 1949 1510 2015 aLuthe-

385 2053 422 2100 ro
438 2038 535 2103 veluti
552 2039 591 2101 ab
607 2055 683 2120 apro
698 2037 885 2103 ‹irlaniatum
900 2038 1142 2102 lamentabatur.
1152 2039 1348 2110 Melancton,
1365 2036 1510 2103 dilectis-

384 2125 482 2190 simus
496 2127 561 2190 iam
576 2125 709 2191 Luclcri
724 2127 906 2208 discipulus,
924 2125 1081 2194 scribebat
1094 2123 1372 2192 cucumerarium:
1385 2129 1507 2193 «Adeo

384 2231 494 2287 vexor,
510 2221 546 2280 ut
562 2215 661 2279 mein
683 2212 856 2299 Cyclopum
878 2220 970 2281 antro
991 2214 1142 2280 diversari
1166 2214 1284 2279 videar.
1303 2235 1322 2275 a
1338 2216 1413 2281 Alia
1429 2234 1507 2282 vero

387 2302 532 2382 epistola:
551 2324 568 2363 «
586 2303 742 2370 Pietatem
758 2309 790 2369 et
801 2304 978 2368 doctrinam
990 2301 1151 2385 ignorant:
1165 2321 1217 2368 eos
1227 2303 1331 2369 videte
1345 2305 1401 2384 qui
1413 2322 1508 2387 prae-

386 2395 472 2466 sunt,
490 2397 522 2458 et
538 2409 589 2455 me
604 2392 709 2456 scietis
731 2393 766 2458 in
790 2394 915 2457 leonum
939 2393 1008 2456 lacu
1031 2409 1102 2455 curn
1118 2391 1262 2457 Daniele.
1281 2413 1299 2454 a
1315 2391 1508 2460 Henricuse

386 2485 508 2557 sonna,
530 2479 661 2546 dimisso
676 2482 765 2562 regio
781 2481 906 2557 decore,
924 2480 1099 2546 Lutherum
1117 2481 1303 2563 compellare
1318 2492 1505 2560 serpentem,

384 2577 512 2649 peslero,
539 2571 650 2649 lupum
671 2570 882 2643 cunamen,
907 2565 1045 2634 &tunae
1066 2567 1179 2650 pilium,
1198 2569 1322 2651 aliaque
1337 2571 1446 2650 peiora
1471 2572 1506 2636 in

386 2675 474 2722 more
494 2658 640 2723 habebat.
657 2659 724 2725 Nec
748 2657 842 2722 aliter
864 2656 1021 2732 Calvinus,
1038 2655 1099 2720 sibi
1121 2657 1319 2726 adversantes
1343 2665 1508 2742 nuncupat

384 2747 537 2826 scelestos,
562 2747 699 2821 roudus,
716 2747 840 2821 tertios,
867 2748 1007 2824 thauros,
1025 2761 1130 2823 coner,
1156 2757 1281 2826 porcos,
1298 2747 1419 2813 onnon
1438 2769 1457 2809 c
1475 2750 1508 2814 1-

382 2839 460 2910 stae‚
475 2836 609 2911 scillcet,
626 2835 791 2901 machinae
806 2840 880 2899 sunt
895 2834 1140 2909 haereticorum,
1157 2838 1193 2898 ut
1206 2835 1344 2902 convicti
1357 2836 1397 2900 de
1409 2838 1507 2919 perti-

160 2930 186 3001 al
206 2932 234 2986 s.
251 2929 360 2983 uuerco.
382 2924 447 3002 (lia,
466 2924 505 2988 ad
521 2924 687 2990 maledicta
703 2943 738 2988 se
752 2923 918 2989 conterant
932 2922 977 3008 2).
997 2923 1117 2988 »llaec
1140 2939 1252 2989 eorum
1271 2923 1455 2991 humanitas
1470 2931 1504 2992 et

141 3003 363 3087 Apoloqtnuc-
382 3012 566 3089 tolerantia,
583 3012 638 3094 qui
654 3015 818 3096 utramque
832 3011 993 3093 iactitant.
1421 3055 1425 3062 ·

132 3080 239 3152 pacem,
256 3076 302 3134 ¹¹¹³·
313 3079 361 3135 ¹¹¹·
471 3101 547 3168 XV.
564 3102 697 3177 verum,
715 3101 808 3166 initia
824 3099 971 3164 dolorum
984 3099 1073 3170 haec.
1097 3097 1238 3166 Lutlrem
1254 3107 1379 3183 agente,
1397 3101 1508 3170 Carlo-

382 3189 512 3268 stadius,
527 3191 608 3257 alter
623 3188 955 3266 Protestantlumdux,
964 3187 999 3252 in
1008 3187 1140 3254 exilium
1151 3192 1183 3254 et
1195 3189 1230 3254 in
1241 3195 1417 3256 extremam
1429 3210 1507 3276 pun-

335 3283 339 3290 '
383 3284 541 3361 pertatem
552 3285 640 3348 actus
652 3279 724 3345 luit.
736 3278 883 3344 Servetus
893 3277 1038 3344 (lenem
1049 3276 1249 3344 horribiliter
1259 3283 1399 3356 exustus,
1407 3297 1507 3362 agen-

383 3372 416 3432 te
430 3367 560 3436 Calvino
577 3367 631 3455 (a).
647 3367 829 3452 Imperante
850 3366 989 3433 ilenrico
1012 3365 1103 3474 vul,
1125 3370 1193 3433 tota
1211 3367 1341 3449 Augila,
1364 3369 1505 3437 Neronis

459 3555 497 3631 tol
511 3553 649 3626 Calvinus,
663 3551 841 3629 Napocensis,
853 3552 974 3610 moribus
987 3551 1212 3625 corruptissimis,
1220 3557 1303 3626 atque
1315 3553 1437 3612 hornlrili
1445 3556 1502 3612 cri·

384 3631 454 3686 mine
467 3647 483 3688 e
498 3629 583 3702 patria
598 3630 713 3700 primum
727 3628 866 3699 expulsus.
886 3649 897 3679 u
914 3629 1064 3686 Vehemens
1084 3643 1117 3686 ac
1134 3642 1281 3700 perversus
1299 3629 1438 3704 Calvinus,
1460 3631 1503 3687 iu·

384 3705 492 3778 quiebat
510 3704 640 3762 llelchlor
658 3704 791 3777 Wolmar‚
805 3703 863 3760 eius
882 3705 1021 3777 magister3
1038 3705 1090 3762 lroc
1104 3704 1171 3776 scl03
1185 3703 1245 3761 idco
1266 3710 1370 3776 noster,
1386 3712 1415 3762 et
1433 3721 1501 3762 cau·

384 3795 431 3836 sae
446 3783 534 3852 aptius
549 3780 705 3837 inserviens.
724 3800 737 3830 a
753 3779 893 3836 ABneero
902 3779 991 3836 dictus
1011 3780 1155 3849 ascriptcr
1164 3779 1341 3837 maledicendi
1355 3780 1447 3837 studio
1459 3782 1502 3838 in·

384 3855 480 3929 lectos,
496 3857 569 3914 canis
582 3855 705 3913 rabidos.
724 3878 736 3906 o
755 3875 767 3904 u
783 3854 911 3927 Collegae
924 3856 975 3928 tul,
991 3853 1065 3912 illum
1079 3853 1266 3928 alloquebatur
1277 3855 1422 3926 Bennisoa,
1434 3871 1504 3912 eon·

385 3937 537 4003 queruntur
547 3930 581 3988 de
591 3937 637 3988 tua
648 3930 807 3988 intolerabili
815 3929 981 4003 arrogantia3
992 3930 1114 4004 »sibique
1125 3945 1238 3988 erorum
1246 3929 1399 3987 affirmabat
1413 3947 1505 4003 apro·

385 4013 447 4076 pter
466 4006 576 4064 nimiam
595 3997 743 4064 vindictae
761 4011 789 4064 et
807 4008 965 4079 conquiris
978 4007 1071 4063 sulm.
1090 4006 1277 4063 »Allasscuo
1290 4011 1438 4076 propterea
1453 4007 1504 4065 de·

385 4080 513 4151 scriptus:
534 4081 698 4138 evindictac
719 4086 852 4152 appetens
870 4089 898 4138 et
916 4080 1055 4152 sauguinis
1074 4079 1134 4153 luit,
1146 4081 1218 4137 ‘lucie
1238 4095 1301 4137 cum
1321 4081 1455 4153 modesta,
1470 4081 1506 4139 nd

384 4171 503 4228 omnem,
524 4156 730 4228 simplicemque
751 4157 865 4228 figuram
881 4155 1041 4226 composita.
1067 4176 1079 4206 a
1099 4177 1111 4206 a
1133 4155 1200 4224 Qucl
1220 4155 1329 4211 homme
1347 4155 1389 4212 lot
1406 4155 1506 4226 jurnale

385 4231 447 4302 plus
467 4230 622 4303 tranchunt,
638 4231 700 4301 plus
721 4231 879 4303 imperieur,
895 4229 958 4302 plus
977 4228 1083 4304 dicirit,
1099 4230 1162 4303 plus
1181 4229 1347 4286 ‹liriueureut
1364 4229 1505 4288 inlaillilrle

385 4321 436 4378 quc
450 4305 553 4378 Calvio,
569 4321 638 4376 pour
651 4301 696 4378 qiu
710 4305 736 4360 la
749 4305 872 4362 molodrc
884 4305 1039 4376 appositior
1052 4304 1132 4378 qu‘on
1146 4306 1215 4362 osalt
1227 4304 1264 4362 lui
1278 4304 1343 4362 loire
1356 4302 1425 4362 tuit
1438 4311 1502 4363 tou·

384 4377 462 4451 jours
474 4396 526 4437 une
540 4395 638 4436 ocuvre
652 4379 685 4437 (le
699 4381 794 4454 Satan,
811 4397 853 4437 uu
866 4383 959 4437 crime
971 4379 1060 4454 dique
1071 4379 1193 4458 casem
1208 4401 1219 4432 n
1235 4380 1391 4454 (Rousssln,
1402 4379 1503 4439 lettres

384 4455 419 4513 de
433 4456 467 4513 lu
481 4454 664 4528 Menteque.)
679 4454 792 4525 Revera,
803 4456 955 4527 serverum,
970 4471 1040 4512 anno
1054 4458 1137 4528 1553,
1151 4458 1208 4513 clus
1227 4469 1311 4527 opera
1327 4454 1502 4513 combustum

384 4538 498 4603 propter
520 4531 663 4605 haeresim,
684 4545 718 4586 er
732 4544 873 4602 processu,
894 4529 1012 4603 ipsisque
1025 4530 1126 4588 calvini
1141 4529 1238 4589 litteris
1257 4535 1427 4602 compertum
1447 4536 1501 4587 est.

388 4629 399 4656 a
417 4607 561 4679 lmpositus
574 4611 617 4664 ert
630 4608 769 4682 servatos,
784 4605 821 4664 ait
830 4605 954 4664 llauurer
966 4603 1039 4678 apud
1051 4606 1265 4680 lllwerrlcniurn,
1286 4611 1384 4666 trumo
1397 4604 1432 4664 ul
1445 4610 1506 4665 ter·
