3238 5282
592 342 815 399 rrr'obnsuur.
1157 320 1229 390 1791

128 495 290 580 proiectus
301 492 356 560 sit:
367 493 453 561 nulla
463 493 550 560 euim
566 513 616 561 res
630 495 700 560 sine
714 491 971 560 substantialibus
984 494 1122 556 constat.
1136 489 1185 556 llx
1195 488 1251 553 ad·

128 603 219 652 versa
230 585 357 650 ratione
368 597 459 649 error
471 583 618 650 veldolus
633 585 669 648 in
683 581 934 657 mcidsatolibua
945 580 1016 666 ipso
1027 579 1112 645 iacto
1123 581 1253 643 coutra-

129 678 220 740 ctum
241 692 304 738 uou
320 671 458 738 dirimit.
480 671 601 752 Quodsi
616 689 706 738 error
726 689 766 737 ex
780 670 968 755 paciscentis
987 669 1060 734 dolo
1076 667 1248 750 proiectus,

129 764 311 829 contractui
332 779 458 828 cauum
473 762 608 840 dederit,
629 765 810 827 contractus
828 759 892 827 crit
906 756 1119 826 resciodibilis
1139 756 1180 820 ad
1193 773 1252 819 uu-

130 859 202 918 tum
218 852 285 916 eius
300 851 355 934 qui
370 851 478 915 dolum
492 868 599 934 passus
612 856 673 926 est;
694 851 727 914 ‘si
742 868 760 914 a
775 851 885 926 tertio,
903 848 987 914 actio
999 848 1036 912 in
1052 845 1145 910 illum
1160 844 1252 909 datur

130 941 222 1006 adid
237 942 321 1023 quod
336 941 483 1017 iuterest;
494 940 602 1004 dolum
617 940 703 1005 enim
718 957 835 1022 passus,
846 940 879 1003 in
895 956 932 1004 ea
943 942 992 1004 est
1006 934 1203 1020 reponendus
1214 933 1253 996 li-

130 1031 257 1096 bertate
272 1031 322 1095 vel
336 1031 508 1112 acquitate,
527 1047 564 1095 ac
579 1031 606 1094 si
621 1029 711 1094 dolus
726 1041 789 1095 nou
805 1027 1032 1095 intercesserit.
1056 1025 1090 1093 Si
1111 1041 1185 1090 vero
1201 1037 1254 1088 ac·

131 1118 310 1184 cideutaria
325 1117 374 1182 rei
390 1117 525 1201 qualitas
536 1120 571 1184 iu
582 1126 708 1202 pactum
723 1118 854 1185 deducta
869 1117 1028 1191 luerit,ea
1038 1131 1104 1178 uon
1115 1113 1254 1178 eristen·

132 1215 180 1285 te,
199 1212 380 1272 contractus
402 1225 466 1272 nou
482 1209 532 1282 iit,
549 1209 637 1274 cuius
651 1212 721 1274 tota
736 1207 820 1273 ratio
836 1208 870 1272 iu
885 1207 941 1272 illa
956 1205 1110 1288 qualitate
1135 1202 1254 1267 inuite-

132 1298 241 1362 batur.
256 1296 404 1371 llemum,
418 1314 491 1361 cum
508 1298 621 1362 melior
636 1296 679 1361 sit
693 1297 837 1361 conditio
851 1297 957 1362 dolum
973 1292 1068 1378 passi,
1083 1293 1164 1357 alter
1177 1308 1253 1356 vero

133 1385 391 1451 uullamexdolo
410 1385 917 1460 suoreierredcbeatutilitatem
940 1386 974 1449 in
987 1383 1257 1464 illiusscmpere-
1359 1417 1361 1422 -

132 1474 181 1540 rit
194 1478 363 1557 potestate,
380 1474 429 1539 vel
444 1480 641 1541 contractum
656 1475 771 1539 babere
787 1493 846 1556 pro
862 1474 977 1549 valido,
992 1472 1053 1550 vel,
1065 1471 1148 1535 laesa
1163 1473 1261 1533 natu·

133 1563 195 1629 rali
212 1565 416 1645 aequalitate,
429 1581 593 1647 reposcere
608 1572 645 1629 ut
660 1563 858 1630 tantumdem
876 1563 915 1629 de
932 1563 1037 1644 pretio
1052 1559 1251 1625 detrahatur.

134 1653 222 1719 llaec
237 1651 275 1716 dc
290 1670 399 1717 errore
415 1658 448 1719 et
462 1654 548 1720 dolo.
827 1661 830 1668 ’
1005 1664 1008 1674 “

225 1740 397 1809 VLMctus
414 1759 486 1806 vere
501 1742 590 1832 levis,
602 1742 688 1806 nulla
703 1742 837 1806 babetur
851 1743 948 1817 ratio,
960 1758 1033 1807 cum
1050 1756 1107 1804 nec
1123 1752 1257 1802 consen·

136 1848 209 1896 sum
225 1830 424 1906 auferat,uec
437 1829 627 1898 libertatem.
637 1829 672 1897 Si
684 1832 723 1896 ad
734 1846 861 1916 gravem
876 1832 1016 1904 accedat,
1028 1829 1118 1894 illum
1135 1842 1254 1908 passus,

122 1919 200 1984 *etsi
214 1923 394 1984 contractus
409 1920 524 2002 vigeat,
542 1921 577 1984 in
591 1938 646 1985 sua
662 1921 861 2002 reponendus
875 1925 923 1986 cst
938 1920 1099 1984 libertate.
1123 1916 1171 1981 be
1186 1929 1259 2000 gra-

135 2009 180 2084 vi,
198 2009 626 2086 moraliscilicetvioleotia,
644 2014 908 2092 agemuspostea.
1303 2012 1305 2016 ’

225 2097 710 2180 v11.a1teromeratcapatres
721 2115 801 2180 quac
812 2100 847 2163 iu
858 2102 1056 2168 contractum
1070 2091 1259 2162 verrit1.Sit

134 2187 288 2252 extuans.-
299 2204 396 2269 quare
407 2187 435 2251 si
447 2204 544 2270 equus
554 2192 629 2253 ante
641 2188 857 2254 venditionem
867 2189 1013 2273 perierit,
1027 2185 1113 2251 uulla
1124 2188 1172 2250 est
1184 2199 1262 2248 ven·¹

133 2275 232 2352 ditio;
249 2275 279 2340 si
289 2280 432 2357 segetum
443 2293 513 2359 spes
525 2276 653 2343 vendita
664 2277 717 2352 sit,
734 2282 767 2343 ct
783 2278 936 2359 mondino
950 2272 1166 2350 conterantur,
1184 2289 1260 2338 veo·

132 2364 218 2430 ditio
239 2367 340 2439 tenet,
361 2366 436 2450 quia
451 2383 521 2450 spes
535 2364 656 2443 aderat,
678 2383 758 2449 quae
774 2366 901 2431 vendita
917 2371 977 2432 cst.
995 2368 1028 2432 2.
1046 2364 1095 2432 Sit
1107 2361 1257 2446 propria.-

133 2453 220 2518 undc
240 2454 287 2518 rei
302 2453 425 2520 alienae
444 2453 494 2520 rel
510 2454 648 2520 furtivae
664 2454 750 2519 nulla
766 2460 813 2521 est
828 2456 981 2530 venditio,
1008 2454 1110 2520 malae
1125 2447 1257 2517 interim

135 2542 213 2609 fidei
229 2543 377 2610 venditor
391 2544 506 2609 damna
521 2543 646 2609 reficiet
660 2541 693 2610 3.
711 2543 759 2611 Sit
772 2543 928 2624 possibilis
944 2549 977 2610 et
991 2544 1130 2610 bonerto.
1145 2539 1259 2624 Physi-

134 2649 173 2697 ce
189 2632 432 2714 impossibilium
450 2632 535 2698 nulla
550 2633 715 2718 obligatio.
734 2631 769 2699 Si
783 2634 887 2715 gravis
901 2637 1047 2700 occurrat
1061 2631 1195 2698 mutatio
1209 2627 1264 2695 sel

134 2719 305 2787 difficultas
316 2720 350 2785 in
363 2739 398 2787 re
409 2727 464 2788 aut
476 2738 624 2804 persona,
642 2725 720 2805 puta
735 2723 776 2796 si,
793 2723 895 2789 locata
911 2739 1007 2807 opera
1023 2727 1089 2797 tua,
1103 2725 1196 2804 pater
1210 2717 1260 2782 in-

135 2811 248 2876 firmus
259 2810 439 2876 assistentia
449 2817 503 2876 tua
510 2811 667 2896 indigeat,
678 2817 859 2877 contractus
871 2812 927 2876 ille
937 2813 1138 2895 suspenditur
1148 2807 1196 2876 vel
1207 2807 1264 2871 ab·

137 2900 311 2984 rumpitur:
332 2905 381 2966 est
395 2901 483 2964 euim
498 2899 654 2982 implicita
675 2900 828 2976 conditio,
853 2902 882 2965 si
891 2910 1015 2981 potero,
1041 2900 1091 2966 rel
1105 2899 1199 2964 rebus
1218 2897 1264 2960 sis

137 2990 305 3055 uentibus.
326 2989 409 3054 ltem
427 3005 508 3072 quae
522 2994 614 3054 extra
636 2990 825 3055 commercia
844 2995 931 3064 sunt,
955 2996 992 3055 ut
1006 3009 1056 3055 res
1071 3004 1189 3062 sacrae,
1215 2982 1263 3051 vel

136 3095 220 3161 quae
235 3080 391 3144 immores
406 3082 551 3160 peccaut,
563 3095 622 3158 pro
637 3079 886 3162 impossibilibus
900 3080 1103 3162 deputantur.
1114 3077 1217 3150 Adeo,
1226 3077 1265 3138 ut

137 3185 219 3251 quac
234 3167 389 3251 promissa
402 3167 480 3242 sint,
493 3167 633 3251 pretium
648 3185 699 3233 ex.
711 3186 759 3250 gr.
778 3186 836 3251 pro
852 3167 1027 3234 homicidio
1044 3167 1091 3231 vel
1107 3162 1261 3248 periurio,

137 3259 175 3321 le
186 3257 391 3332 iniecta‚nou
403 3256 567 3322 debeatur:
577 3255 632 3320 sed
644 3273 756 3342 acque,
774 3274 811 3321 re
826 3263 966 3339 peracta,
984 3273 1081 3340 quum
1098 3254 1183 3319 actio
1195 3251 1265 3316 nul·

139 3345 172 3409 la
189 3347 229 3410 ab
243 3345 352 3422 initio,
371 3362 532 3428 nunquam
547 3345 758 3422 convalescat:
778 3361 879 3430 oeque
895 3346 1031 3413 naturali
1046 3345 1200 3425 congruat
1211 3357 1265 3431 ae-

139 3434 271 3517 quitati,
283 3439 320 3500 ut
331 3434 485 3517 obligatio
497 3435 656 3510 subsistat,
666 3453 706 3501 ex
716 3437 879 3519 quaalter,
890 3440 1019 3523 propter
1035 3435 1084 3500 ius
1100 3429 1265 3513 acquiren-

139 3523 230 3597 dum,
241 3523 280 3588 ad
297 3525 416 3589 malum
432 3523 602 3590 alliciatur.
616 3525 664 3590 Re
675 3529 782 3590 autem
797 3525 954 3599 conlecta,
971 3526 1111 3590 solutum
1126 3518 1265 3604 pretium

140 3631 267 3678 summo
288 3611 358 3678 iurc
372 3613 543 3678 retinetur:
567 3613 706 3679 donatio·
721 3614 821 3687 enim,
845 3616 912 3680 sola
935 3614 1080 3680 donantis
1102 3611 1267 3684 voluntate

142 3701 322 3784 perficitur,
343 3719 416 3767 cum
431 3702 496 3766 iam
512 3700 631 3767 nullum
647 3703 817 3768 immineat
827 3699 1031 3788 perpetrandi
1043 3702 1172 3769 sceleris
1182 3701 1267 3784 peri·

140 3789 262 3855 culum.
272 3790 376 3856 Probe
387 3790 637 3859 tameuaiudice
648 3792 847 3858 tantumdem
859 3794 1046 3860 multabitur
1057 3790 1215 3876 recipiens
1227 3808 1268 3854 ne

141 3877 1046 3962 malislruotibuslacteturd.Tandemocquolitossitrei
1059 3875 1268 3954 cumredoti
1293 3907 1295 3910 ·

141 3968 368 4050 generatimet
379 3970 509 4048 accepti:
517 3986 596 4054 qaae
605 3974 679 4035 ante
691 3976 890 4038 contractum
905 3974 1096 4057 quaerenda,
1111 3971 1183 4037 etsi
1197 3973 1269 4049 post

140 4061 344 4123 contractum
359 4059 443 4122 laesa
450 4056 714 4140 deprehendatur,
724 4061 1018 4129 resarcienda.Cum
1031 4067 1139 4128 autem
1151 4045 1270 4145 triplex

142 4146 186 4211 sit
197 4145 312 4228 gradm
327 4146 361 4209 iu
373 4147 470 4229 pretii
482 4164 651 4230 rerumque
663 4152 898 4227 aestimatione,
909 4153 1083 4226 mouimus,
1093 4153 1225 4238 medius,
1237 4154 1270 4214 ct

142 4236 284 4318 iniimus,
299 4235 355 4318 qui
368 4253 408 4300 ex
418 4237 624 4301 bonestorum
636 4255 694 4302 usu
705 4245 946 4322 computantur,
960 4241 1021 4306 rite
1037 4243 1071 4308 in
1086 4241 1145 4305 hac
1160 4241 1270 4307 latitu-

142 4323 220 4388 dine
240 4325 431 4390 oommercia
451 4330 651 4402 exercentur,
673 4332 710 4393 ut
722 4329 898 4395 industriae
913 4331 957 4396 sit
972 4331 1070 4406 locus3
1093 4330 1179 4394 lraus
1195 4346 1270 4396 vero

142 4413 239 4477 absit.
254 4414 324 4480 lmo
339 4414 367 4478 si
381 4415 462 4480 scias
478 4433 547 4480 cras
563 4415 677 4481 viliora
689 4416 797 4484 lutura
813 4436 881 4484 esse
891 4420 1007 4504 pretia,
1021 4418 1116 4485 bodie
1128 4422 1183 4482 tua
1195 4437 1271 4484 ven-

143 4501 199 4567 des
211 4504 354 4569 currenti
367 4505 580 4586 pretio,salva
591 4504 765 4589 aequitate,
777 4509 840 4573 uisi
853 4509 902 4575 vir
912 4508 1054 4592 publicus
1068 4509 1111 4574 sis
1124 4512 1208 4573 etex
1222 4507 1272 4572 oi·

144 4589 220 4658 flcio
232 4592 325 4659 scias.
337 4594 420 4664 Nam
436 4611 510 4666 vera
525 4594 575 4660 rei
590 4594 783 4673 aestimatio,
798 4615 834 4664 ea
847 4597 982 4665 babetur
993 4615 1072 4683 quac
1084 4597 1192 4676 bodie,
1206 4615 1271 4663 non
