3228 5280
438 323 504 393 ³26
860 339 956 392 unm
971 341 1019 394 m.

395 507 510 555 norum
526 489 615 564 iides,
630 489 664 552 in
679 488 835 570 augustiis
849 488 1035 572 praesertim
1047 488 1207 564 civilibus,
1220 487 1256 553 in
1265 487 1445 554 Pontifices
1457 503 1518 551 non

395 579 514 644 trustra
525 595 674 642 conversa
684 583 745 644 est.
756 577 963 644 loonoolastis
974 577 1234 661 imperatoribus,
1244 579 1386 644 llomam
1395 577 1521 656 Longo-

396 667 563 732 bordorum
579 664 698 748 rapinis
710 671 743 732 et
758 667 905 732 caedibus
919 666 986 731 lere
1001 665 1306 748 derelinquentibus,
1324 664 1520 730 catholioam

394 755 602 824 autemildem
611 756 882 838 persequentibus,
892 756 1029 820 Romani
1041 755 1171 820 ducatus
1180 755 1305 820 ineolae
1313 753 1521 821 Beatrunl'e-

394 849 479 910 trum
493 847 528 907 ut
539 842 717 927 prinoipem
733 849 766 910 et
781 861 891 926 regem
907 845 941 907 in
953 835 1111 925 Gregorio
1123 845 1168 918 ll,
1182 844 1311 926 eiusque
1324 843 1520 907 ‘suecessori-

393 934 462 1004 bus,
472 933 557 996 olroa
570 949 688 998 annum
697 931 777 1007 726,
787 933 997 998 acclamantes
1006 934 1183 1015 elegerunt.
1194 933 1291 998 Sodat
1302 931 1437 996 animos
1444 930 1523 997 Gre-

393 1019 513 1103 gorius,
530 1021 585 1085 sad
599 1021 639 1085 ab
653 1019 817 1087 annolbl
829 1019 1073 1096 austerorum
1086 1023 1284 1098 nenessitate,
1298 1039 1337 1085 ao
1349 1020 1457 1085 libera
1468 1019 1523 1083 bo·

395 1110 518 1180 minum
533 1110 707 1185 voluntate,
724 1111 894 1191 politicum
909 1111 1031 1175 Romae
1048 1111 1256 1192 imperiumn
1272 1109 1402 1192 graecis
1418 1110 1520 1191 impe-

395 1197 556 1266 ratoribus
571 1197 609 1262 ad
625 1198 796 1264 Pontifices
811 1196 1001 1263 translatum
1018 1199 1134 1264 inerat.
1151 1199 1345 1264 Defensores
1368 1198 1476 1279 igitur
1490 1203 1522 1262 et

396 1286 597 1352 restitutores
611 1287 746 1368 Pipinus
760 1291 793 1352 et
807 1285 936 1353 Carolus
946 1288 1093 1368 Magnus,
1107 1288 1312 1370 potiusquam
1327 1287 1519 1352 donatores.

397 1375 524 1457 Legatis
532 1374 734 1442 Constantini
746 1373 940 1459 Copronymi
947 1374 1216 1460 (Leonislsaurici
1228 1374 1299 1461 ulii)
1305 1376 1462 1441 civitates
1472 1393 1523 1439 re-

399 1466 538 1549 petentis
550 1464 861 1546 eLongobardorum
877 1463 1092 1529 invasionibus
1105 1465 1286 1541 subductas,
1300 1465 1445 1548 Pipinus
1455 1464 1524 1546 ipse

399 1553 617 1638 profitebatur:
633 1573 651 1612 o
668 1552 708 1619 Se
725 1554 807 1618 nulla
822 1553 949 1636 penitus
965 1554 1091 1619 ratione
1102 1554 1184 1636 pati,
1197 1554 1323 1620 easdem
1339 1554 1525 1619 civitatesa

398 1648 556 1726 potestate
567 1641 659 1708 Beati
670 1642 772 1721 Petri,
786 1647 820 1706 et
835 1642 904 1706 iure
916 1641 1076 1708 umlesioe
1087 1644 1250 1708 Romanae
1262 1643 1313 1708 vel
1328 1642 1527 1726 pontificum

176 1751 199 1824 ll
218 1753 315 1809 duest.
336 1745 381 1803 Bi-
400 1730 699 1814 Apostolioaesedis
711 1730 932 1814 quoquomodo
944 1730 1078 1796 alienari
1089 1731 1132 1816 1).
1146 1733 1248 1798 »ldea
1259 1749 1336 1797 vero
1348 1731 1526 1797 christiani

153 1828 231 1885 bliot.
248 1829 303 1898 ,to
318 1826 381 1882 otto
400 1820 614 1905 imperatoris,
632 1818 743 1885 nullibi
759 1819 863 1886 verior
877 1825 911 1884 et
923 1818 1103 1896 sublimior,
1114 1836 1209 1902 quam
1223 1821 1258 1885 in
1270 1819 1524 1902 carolomagno.

153 1902 296 1979 septem
308 1902 352 1958 Π·
399 1910 567 1976 Pontifices
582 1909 717 1982 interea,
734 1909 821 1990 regia
835 1907 921 1973 aucti
937 1907 1087 1974 libertate
1100 1913 1133 1974 et
1146 1908 1319 1992 dignitate,
1332 1909 1526 1975 christianis

401 1995 542 2064 universi
558 1997 644 2062 orbis
660 1997 792 2062 liberam
815 1997 912 2061 edunt
928 2013 1049 2073 rooem;
1067 2014 1156 2079 reges
1171 2017 1244 2064 enm
1259 1998 1394 2080 regibus
1409 2003 1524 2081 agunt,

398 2087 474 2152 dum
486 2085 621 2150 humiles
632 2085 733 2150 adbne
745 2086 915 2168 piscatores
930 2084 1318 2166 despicerentur31lomae
1329 2105 1412 2152 vero
1424 2091 1527 2154 aeter·

401 2193 477 2241 num
492 2179 587 2257 atque
602 2174 777 2242 universale
792 2179 969 2242 asservatur
979 2173 1163 2258 imperium.
