3228 5280
406 287 472 356 3³6
845 303 939 350 sinen
955 298 1003 349 ιιι.

368 470 455 530 uem,
471 453 528 518 illo
543 452 670 518 inrecto
685 449 774 516 cirili
786 447 1006 526 matrimonio,
1021 465 1127 512 noune
1138 446 1347 516 humanitatis
1360 467 1487 514 everso·

368 562 420 610 res
434 542 559 614 dicendi
574 545 682 614 erunt,
699 541 804 622 potius
821 555 915 620 quarn
931 535 1171 610 reformatores?

458 631 517 696 Vl.
534 629 721 705 Caelestem,
735 628 789 692 sed
805 626 1032 708 cupiditatibus
1048 627 1194 698 invisam,
1211 625 1355 690 moribus
1370 627 1488 692 doetri-

371 737 443 786 nam
459 720 611 792 inserere,
630 718 683 782 bic
706 722 775 782 erat
789 715 948 782 Ecclesiae
965 713 1067 778 labor.
1088 715 1270 783 Dirortium
1284 713 1431 780 romanis
1447 716 1490 781 le-

308 867 313 878 .
370 809 461 890 gibus
472 808 643 883 retinetur;
655 805 853 888 principibus
864 801 1162 884 etregibusobstitit
1172 804 1327 879 Feclesia,
1336 811 1411 871 toto
1424 824 1489 871 me-

371 899 425 963 dio
441 914 532 972 aaro;
549 895 631 959 nibil
646 895 732 960 cedit
746 895 826 976 ipsa,
844 909 863 955 a
878 891 1005 958 Christo
1020 893 1202 974 incoeptam
1221 895 1489 961 restaurationem

371 989 552 1069 prosecuta.
570 983 749 1065 Legitimae
764 981 991 1066 imperantium
1005 980 1194 1046 successioni
1205 981 1390 1048 inflexibilis
1401 985 1491 1050 advi-

370 1075 485 1156 gilans,
503 1079 645 1139 removet
660 1073 803 1138 scaridala
815 1074 947 1136 etarma
959 1070 1080 1134 civilia.
1093 1071 1238 1134 nicetus
1250 1073 1433 1154 uobisquid
1445 1074 1493 1139 ei-

371 1163 483 1230 iecerit
494 1162 786 1236 Protestautismus,
796 1165 832 1226 ut
844 1159 904 1224 boc
912 1157 1072 1224 societatis
1084 1157 1252 1241 palladium
1264 1163 1427 1226 tuentur
1439 1164 1490 1245 lp-

370 1271 416 1328 se,
433 1251 489 1334 qui
509 1249 647 1316 Henrico
662 1251 741 1315 Vlll
761 1255 795 1314 et
818 1247 1009 1316 Germaniae
1024 1247 1223 1329 principibus
1237 1253 1303 1312 tarn
1318 1249 1490 1317 humiliter

372 1340 584 1425 polygamium
597 1339 743 1405 indulsit?
751 1339 942 1404 Pontificum
954 1336 1073 1402 iactam
1083 1336 1293 1402 dissensiones
1302 1356 1377 1402 cum
1386 1341 1489 1421 impe-

372 1430 527 1506 rantibus,
544 1427 794 1503 intolerantiam,
808 1426 1069 1502 obstinationem.
1084 1425 1146 1490 Sed
1156 1426 1244 1507 quid,
1257 1427 1285 1491 si
1296 1429 1395 1492 semel
1408 1430 1490 1492 abe-

374 1519 437 1585 lata
452 1517 603 1584 divinitus
618 1535 706 1592 voce,
720 1525 813 1597 erunt
827 1518 891 1581 duo
906 1515 942 1580 in
956 1529 1051 1578 curae
1066 1531 1145 1592 unu,
1159 1515 1377 1582 recessissent?
1389 1517 1488 1597 Quid,

372 1609 400 1672 si
416 1608 479 1673 iuri
494 1606 612 1685 divino,
622 1624 733 1688 regum
744 1605 806 1670 iras
817 1602 1053 1687 praetulissent?
1064 1602 1170 1670 Novus
1185 1603 1322 1670 instabat
1336 1606 1494 1672 ethnicis·

373 1715 455 1771 mus,
473 1714 586 1762 norum
607 1695 712 1769 cbaos,
730 1694 814 1777 quod
830 1693 878 1757 illi
893 1691 1000 1756 divina
1015 1691 1168 1773 sapientia
1187 1699 1220 1758 et
1234 1693 1427 1761 tortitudine
1441 1714 1494 1760 re-

376 1786 536 1866 pulerunt;
554 1802 676 1848 sacrum
691 1789 723 1849 et
738 1783 831 1848 civile
847 1798 924 1864 opus
944 1778 1158 1861 perfecerunt.
1175 1782 1270 1855 Nam,
1288 1783 1396 1867 inquit
1413 1784 1492 1849 Vol·

375 1875 467 1950 taire,
487 1895 504 1934 a
526 1873 674 1955 coniugia
689 1871 881 1955 principum,
898 1885 1106 1951 europeamm
1126 1870 1269 1949 gentium
1289 1871 1354 1936 tata
1368 1874 1492 1940 consti-

375 1969 482 2039 tuunt;
499 1967 532 2027 et
546 1953 710 2044 'conuptas
725 1961 858 2026 libidine
866 1958 951 2024 aulas
961 1957 1193 2024 commotiones
1204 1965 1238 2024 et
1252 1960 1427 2026 seditiones
1442 1981 1493 2028 se-

154 2068 178 2140 ll
194 2069 280 2124 lissei
305 2078 357 2122 sur
375 2058 467 2118 outae
482 2056 555 2116 sunt
572 2049 615 2132 1).
631 2072 648 2111 u

126 2146 268 2202 t'tmotre
278 2141 354 2214 pta,
451 2139 541 2222 ‚vlt
559 2138 654 2204 Peius
669 2137 807 2202 moribus
821 2143 853 2203 et
868 2135 977 2200 sociali
992 2135 1111 2209 ordini,
1127 2153 1221 2218 quam
1236 2135 1337 2212 civili,
1355 2137 1496 2207 instabat

128 2231 193 2278 ¹⁰¹⁰·
207 2219 254 2291 ¹¹¹2
274 2221 335 2273 ¹⁰¹·
379 2227 525 2294 exitium.
543 2227 634 2293 Mens
650 2232 773 2291 terrore
788 2225 983 2298 concutitur,
996 2242 1067 2290 oum
1083 2225 1208 2290 barbari
1223 2226 1273 2290 illi
1290 2227 1429 2296 subeunt
1443 2248 1496 2293 re·

376 2337 429 2400 ges
445 2317 492 2382 rel
508 2316 612 2389 duces,
624 2315 774 2389 castellis,
790 2315 889 2388 lerro,
903 2313 1127 2396 cupiditatibus
1137 2313 1300 2380 horrendi.
1314 2316 1407 2383 Noua
1418 2337 1497 2401 quo-

377 2407 455 2471 tidie
473 2404 662 2470 inllammati
677 2403 782 2468 torma
794 2404 843 2469 vel
854 2403 1040 2485 cupiditate,
1054 2402 1129 2485 quid
1140 2403 1289 2485 egissent,
1302 2406 1330 2468 si
1340 2406 1407 2470 illis
1418 2409 1497 2472 seri-

377 2495 477 2560 benda
494 2493 692 2565 matrimonii
709 2493 778 2558 iura
793 2492 1061 2558 relictaluissent?
1073 2489 1157 2570 Quid
1168 2499 1277 2574 spreta
1287 2496 1420 2581 coniux,
1435 2494 1496 2561 uisi

378 2582 553 2650 inflexibile
570 2582 706 2648 tribunal
721 2581 909 2648 adstitisset?
924 2581 1004 2646 Falli
1016 2580 1063 2644 val
1074 2580 1238 2646 contemni
1248 2588 1376 2664 poterat
1391 2602 1497 2650 sacer-

378 2674 462 2739 dotis
479 2672 527 2736 vel
541 2670 680 2753 episcopi
696 2689 767 2747 vox,
786 2688 849 2735 non
865 2674 935 2736 toto
949 2671 1027 2734 orba
1042 2669 1193 2734 insonans
1208 2669 1358 2736 Vaticani
1374 2672 1494 2755 fulgur.

378 2764 535 2844 Tempora
547 2761 600 2825 illa
613 2760 834 2826 violentiarum
846 2764 880 2825 et
891 2758 1081 2824 foeditatum
1093 2759 1285 2834 recolantur,
1299 2761 1430 2842 citoque
1441 2780 1499 2844 ap-

378 2851 503 2934 parebit
518 2867 598 2931 quae
613 2850 723 2914 sociali
738 2848 845 2913 ordini
860 2847 964 2912 clades
986 2847 1194 2921 incubuisset,
1210 2847 1237 2910 si
1255 2849 1374 2916 reiecta
1388 2851 1500 2916 Eccle-

378 2939 663 3015 siaeauctoritate,
682 2937 923 3004 matrimonium
936 2934 1032 3000 civile
1047 2934 1204 3002 indictum
1216 2935 1341 3004 fuisset.
1359 2937 1454 3018 Quod
1468 2941 1499 3005 si

379 3028 536 3094 Luthems
551 3026 694 3112 (minora
709 3043 813 3099 ausus,
830 3043 888 3090 neo
900 3023 1141 3090 matrimonium
1155 3025 1283 3106 penitus
1294 3044 1314 3091 a
1325 3027 1396 3092 iure
1408 3046 1501 3094 reve·

382 3118 446 3184 lato
462 3113 642 3198 seiungens)
658 3116 837 3196 religiosam
853 3113 1052 3180 matrimonii
1065 3113 1159 3181 iidem
1170 3115 1356 3188 commovit,
1373 3135 1501 3182 nonsu-

380 3206 484 3280 stulit;
502 3205 573 3270 ideo
588 3204 735 3270 effectum
750 3209 812 3277 est,
828 3202 912 3285 quod
923 3201 1115 3267 catholicum
1126 3202 1240 3284 dogma
1252 3205 1326 3269 altis
1338 3203 1499 3288 defigeba-

382 3301 435 3361 tur
449 3293 618 3368 radicibus,
643 3300 738 3376 atque
752 3292 911 3362 Ecclesiae
933 3291 968 3355 in
987 3291 1133 3374 gentibus
1155 3293 1257 3362 victor
1276 3296 1501 3375 perseverabat

384 3382 561 3466 impulsus..

473 3471 565 3536 Vlll.
582 3470 654 3538 Non
672 3469 922 3557 protestantismi
942 3473 1041 3543 certe,
1056 3469 1113 3534 sed
1131 3471 1237 3554 gentis
1254 3473 1504 3552 protestanticae

386 3561 509 3626 laudem
526 3561 577 3625 bic
594 3561 729 3626 libenter
741 3561 881 3627 etleram.
893 3559 943 3624 Ex
953 3563 1101 3640 corrupto
1113 3559 1182 3624 iure
1194 3560 1316 3633 divino,
1327 3559 1503 3628 divortium

386 3655 571 3715 sanxerunt:
587 3654 636 3714 tot
648 3655 754 3716 tamen
765 3653 893 3730 septum
904 3665 941 3712 ac
953 3647 1101 3712 vallatum
1112 3648 1358 3726 conditionibus,
1370 3656 1405 3714 ut
1418 3652 1505 3716 illins

389 3755 461 3802 usus
477 3742 509 3803 et
525 3738 652 3802 effectus
668 3739 702 3802 in
718 3737 865 3820 plurimis
888 3742 1144 3818 praecaveantur.
1163 3738 1296 3814 Verum,
1314 3739 1436 3804 consita
1454 3758 1507 3806 ve-

390 3842 507 3889 nenosa
519 3827 637 3899 radice,
652 3828 722 3909 quis
733 3830 818 3892 vetat
830 3845 870 3891 ne
884 3826 939 3891 illa
950 3824 1005 3902 sit,
1020 3831 1053 3891 et
1065 3825 1163 3901 vivat,
1173 3831 1206 3891 et
1218 3844 1337 3893 venena
1349 3827 1508 3894 effundat?

391 3914 554 3995 Loquetur
568 3916 794 3996 protestantica
807 3916 932 3980 mulier:
948 3933 966 3973 u
980 3917 1081 3979 Amor
1092 3914 1207 3997 religio
1219 3921 1267 3982 est
1280 3917 1360 3999 apud
1373 3917 1509 3984 Garma-

392 4020 463 4076 nos,
480 4001 534 4064 sed
548 4005 671 4082 poetica
683 4003 810 4086 religio,
823 4023 903 4087 quae
918 4003 1014 4068 nimis
1029 4004 1165 4069 libenter
1175 4005 1282 4070 omnia
1296 4007 1509 4091 patiturquae

387 4089 597 4160 ‘sensibilitate
612 4098 811 4172 excusantur.
825 4092 1000 4158 Fatendum
1012 4098 1072 4158 est:
1086 4093 1272 4167 divortium,
1287 4095 1322 4158 iu
1333 4095 1511 4176 provinciis

391 4179 653 4267 protestantibus,
664 4180 866 4244 matrimonii
879 4182 1058 4262 pessumdat
1072 4183 1287 4250 sanctitatem.
1301 4181 1460 4266 Coniuges
1472 4203 1511 4249 eu

391 4279 557 4337 momatur
571 4269 735 4352 facilitate,
752 4268 1012 4353 qua-drammatis
1025 4272 1198 4338 incidentia
1210 4276 1437 4338 retractantur.
1453 4274 1512 4340 Ei-

393 4361 559 4426 northona
575 4359 715 4424 virorum
731 4362 764 4422 et
781 4358 952 4423 mulierum
965 4359 1101 4437 indoles,
1119 4365 1154 4424 ut
1168 4363 1256 4427 bisce
1271 4362 1410 4427 dissidiis
1427 4362 1510 4426 niluil

392 4449 600 4532 aegritudinis
612 4447 828 4514 immisceatur
838 4445 945 4532 (guum
956 4449 1038 4514 bono
1050 4450 1208 4534 indoluit
1221 4453 1344 4516 etsicut
1353 4450 1421 4534 plus
1430 4451 1512 4516 irna·

392 4539 566 4620 ginationis
581 4539 614 4603 in
631 4537 800 4606 Germanis
815 4537 914 4616 adest,
933 4556 1028 4624 quam
1046 4557 1138 4638 verae
1154 4540 1343 4620 affectionis,
1360 4540 1407 4607 sic
1423 4559 1514 4606 cere·
