3224 5282
865 332 961 386 Ltulttt
975 332 1010 380 lt.

686 507 696 558 ⁵
746 511 1032 640 orionus
1069 513 1156 641 urs

438 775 483 821 nn
500 759 686 824 irsnusnno
701 771 830 821 bicaris
845 771 960 830 ocean
974 771 1024 822 ros
1039 769 1194 824 utronno
1210 777 1253 826 nr
1269 779 1434 832 crurium.

458 975 479 1029 l.
494 971 614 1031 societas
628 969 794 1038 concutitur,
808 984 941 1027 concussa
953 970 1128 1041 proprietate.
1146 971 1180 1030 ll.
1192 973 1347 1047 Proprietas
1368 985 1499 1059 religiosa

380 1057 423 1107 eat
433 1047 714 1118 mosetiusgentiurn,
724 1061 740 1101 a
751 1052 850 1102 natura
860 1047 1024 1116 protectum.
1036 1045 1258 1107 lll.Docamenta
1268 1053 1395 1114 historica
1405 1065 1498 1134 quoad

379 1128 536 1202 Aegyptios,
551 1123 696 1193 Aethiopes
708 1128 738 1180 et
750 1124 857 1194 bersae,
872 1121 1045 1191 Macedones,
1060 1123 1190 1196 Graecos,
1201 1133 1230 1183 ct
1241 1127 1367 1188 ludaeos.
1380 1134 1424 1194 lv.
1439 1141 1498 1196 llo.

379 1201 444 1260 bilia
461 1207 489 1259 et
502 1199 647 1258 immobilia
668 1197 789 1268 possedit
802 1196 926 1256 Ecclesia
939 1197 1097 1268 subprioris
1116 1199 1337 1275 imperatoribus,
1356 1215 1500 1286 aequitare

359 1296 361 1300 ·
379 1277 541 1335 inducant.
554 1275 763 1332 Goostmtiniet
774 1273 865 1330 Licinii
875 1271 1087 1332 etton.vt.ltta
1097 1281 1420 1342 oonnnnemltoclestse
1431 1305 1500 1360 pro·

379 1353 523 1424 prietatem
537 1349 709 1422 spectabant,
725 1354 752 1405 et
767 1364 800 1404 ex
814 1349 872 1406 iure
888 1348 1004 1414 naturali
1018 1351 1271 1422 proficiscebantur.
1287 1357 1347 1413 Vll.
1364 1363 1443 1426 Quod
1457 1365 1500 1422 ιε.

378 1445 428 1502 ges
442 1428 510 1488 aliae
525 1427 727 1484 demonstrant.
742 1423 814 1482 lllll.
829 1425 922 1496 Neque
935 1423 1011 1498 leges
1022 1424 1200 1486 Valentiniani
1214 1431 1267 1488 let
1277 1432 1433 1512 Theodosii,
1449 1457 1500 1498 ec.

379 1504 550 1562 clesiasticae
564 1503 687 1560 officiunt
702 1501 873 1572 proprietati.
888 1491 934 1556 tx.
947 1502 1004 1557 Non
1018 1502 1153 1574 gratuitae
1166 1504 1358 1575 imperatorum
1372 1510 1499 1588 largitio-

378 1595 426 1637 nes
441 1581 481 1638 val
496 1579 691 1637 restitutiones.
707 1577 742 1632 x.
759 1576 858 1648 teges,
872 1574 944 1631 unde
957 1575 1097 1636 Ecclesiae
1116 1579 1223 1647 peculia
1235 1596 1427 1645 excreverant.
1444 1593 1494 1648 xl.

377 1658 550 1714 Privatorum
564 1654 732 1724 donationes,
748 1666 877 1722 agrorum
890 1649 1001 1707 cultura
1013 1657 1042 1708 et
1056 1653 1230 1722 parsimonia.
1246 1658 1305 1715 xli.
1319 1661 1364 1718 lus
1379 1665 1482 1725 natura

375 1738 403 1790 ot
416 1734 540 1806 gentium
553 1727 729 1788 concluditur
742 1726 829 1800 quoad
843 1740 936 1784 sacras
949 1727 1144 1799 proprietates.
1459 1759 1462 1764 ·

465 1910 492 1972 l.
510 1905 659 1990 Sequttm
669 1921 709 1968 ex
719 1900 881 1976 dictis,itrs
891 1901 1071 1990 dominans,
1080 1908 1114 1969 ct
1125 1904 1326 1985 potissimum
1335 1914 1502 1984 meteretis

375 1997 628 2068 tundamentum,
647 2009 714 2056 esse
730 1991 972 2072 proprietatem.
987 1991 1078 2071 Quod
1090 1995 1208 2060 uminis
1218 2000 1417 2080 temporibus
1429 2024 1500 2072 ma-

374 2087 460 2150 xime
476 2084 592 2166 patuit:
611 2100 684 2146 nam
705 2097 864 2160 nunquam
879 2098 1029 2146 conmissa
1044 2080 1106 2148 luit
1121 2085 1268 2161 societas,
1285 2089 1363 2172 quin
1378 2111 1499 2159 conen.

376 2179 497 2238 teretur
512 2172 702 2255 proprietam
720 2173 752 2233 et
763 2168 915 2244 vicissim,
935 2187 1095 2252 nunquam
1110 2171 1144 2235 in
1159 2173 1288 2238 dubium
1303 2187 1415 2246 uocata
1432 2183 1498 2250 furt

374 2266 564 2345 proprietas,
582 2260 658 2342 quin
673 2258 805 2342 politica
816 2257 977 2324 societatis
989 2259 1058 2322 iura
1069 2260 1326 2330 dissolverentur.
1340 2269 1410 2353 1100
1424 2290 1497 2337 ver.

374 2358 488 2418 tuntur
506 2352 638 2424 circulo,
651 2347 706 2432 qui
723 2348 756 2412 in
771 2348 958 2424 societatem
979 2349 1175 2431 conspirant.
1194 2351 1318 2440 Ubique
1334 2363 1457 2436 autem,
1477 2381 1495 2427 a

373 2442 514 2508 Luthero
524 2442 563 2505 ad
575 2458 645 2516 nos,
653 2457 670 2504 a
678 2437 927 2520 proprietatibus
938 2437 1006 2501 Deo
1017 2437 1131 2504 dicatis
1138 2441 1268 2506 exordia
1279 2443 1493 2516 ducebantur.

434 2559 438 2566 ·
461 2533 505 2596 ll.
519 2534 552 2594 'A
568 2527 775 2596 Thomassino
791 2531 877 2591 recte
892 2525 1157 2592 animadversum:
1175 2547 1297 2595 morem
1313 2536 1392 2600 adeo
1408 2540 1496 2604 anti-

347 2611 349 2616 ’
372 2637 469 2702 quum
484 2625 517 2686 et
532 2617 753 2690 universalem,
768 2617 886 2698 templa
897 2615 1019 2681 scilicet
1030 2633 1202 2702 eorumque
1213 2621 1375 2689 ministros
1386 2626 1496 2693 alendi

369 2709 503 2789 publicis
515 2708 707 2791 sumptibus,
722 2705 877 2792 fructibus
888 2709 1007 2780 terrae,
1020 2705 1153 2788 fixisque
1165 2711 1423 2792 proprietatibus,
1438 2737 1497 2782 na.

370 2800 460 2861 turae
484 2798 585 2878 legem
607 2798 837 2867 demonstrare,
855 2799 887 2859 et
909 2793 958 2857 ius
981 2795 1143 2876 publicum
1165 2815 1326 2866 sacrorum
1342 2819 1360 2866 a
1377 2811 1494 2872 natura

148 2889 170 2959 t)
191 2891 347 2964 raumara,
371 2886 545 2967 proiectum
560 2885 601 2967 1).
1309 2915 1311 2920 ·

128 2967 157 3019 V
154 2971 217 3022 aas
233 2972 259 3024 et
274 2985 349 3026 aava
459 2976 520 3040 lll.
538 2975 697 3040 Historiae
711 2971 900 3035 documenta
915 2970 1046 3052 collegit
1057 2971 1105 3036 De
1116 2973 1270 3060 Burigny,
1287 2977 1409 3044 duobus
1420 2984 1493 3048 Me-

122 3038 348 3127 Eactdacpar.
370 3063 568 3128 morialihus:
594 3062 658 3128 Sor
673 3063 717 3126 ies
731 3061 890 3124 bonaeors
913 3067 941 3123 et
955 3059 999 3122 les
1021 3063 1233 3144 mmopotioes
1254 3070 1398 3133 uecordes
1419 3089 1493 3137 aaa

123 3115 172 3188 ¹¹¹³
184 3115 231 3172 lib.
250 3120 272 3193 ¹³
285 3136 310 3175 ⁰·
325 3122 350 3220 ¹1
366 3153 487 3230 paitrus
499 3155 579 3218 door
594 3154 638 3216 los
654 3148 980 3231 cuipiam-prosocer,
990 3167 1070 3232 quae
1082 3154 1192 3215 exunt
1203 3152 1237 3216 in
1252 3153 1395 3222 Historia
1408 3163 1492 3225 Aca-

141 3245 167 3316 tt
184 3247 349 3305 lomxxltl
370 3240 493 3306 demiae
506 3245 558 3308 des
573 3240 781 3322 descriptione
796 3245 825 3300 et
838 3236 1059 3306 Betim-letires
1074 3232 1118 3321 ἓ).

122 3320 147 3375 in
160 3324 186 3394 ⁴.
198 3326 347 3392 proteu.
462 3330 493 3397 1.
513 3333 564 3396 lle
573 3329 740 3414 Aegyptiis
762 3326 905 3390 relerunt
920 3325 1077 3390 Diodorus
1101 3325 1222 3394 Siculus
1244 3334 1278 3396 el
1291 3333 1487 3403 Herodotus.

373 3437 390 3476 «
409 3421 577 3504 Aegyptiis
591 3421 682 3492 tellus
697 3419 732 3482 in
747 3420 812 3481 tres
827 3420 932 3497 partes
948 3415 1159 3491 dividebatur,
1172 3437 1305 3502 quarum
1320 3424 1425 3505 prima
1436 3446 1490 3492 or·

369 3507 409 3574 do
424 3510 627 3589 mcerdotalis
640 3507 801 3574 fruebatur
812 3503 852 3568 ad
863 3503 1029 3580 sacrificia,
1043 3506 1082 3569 ad
1091 3506 1212 3573 uictum
1223 3511 1422 3578 sacerdotum
1434 3535 1489 3581 co-

146 3592 172 3659 at
198 3590 346 3666 Diodorus,
368 3615 501 3680 rumque
516 3598 710 3662 familiarum
719 3591 763 3680 3).
780 3592 920 3658 »Refert
935 3593 1078 3668 Genesis,
1093 3597 1355 3676 tempanianu,
1371 3606 1488 3669 emisse

125 3667 212 3738 libi,
233 3674 345 3756 seete:
368 3687 479 3767 loseph
495 3687 674 3752 universam
686 3691 805 3751 terram
813 3683 963 3765 Aegypti,
976 3701 994 3743 «
1007 3686 1133 3766 praeter
1143 3688 1261 3754 terram
1273 3691 1485 3769 sacerdotum,

125 3742 288 3819 Hssf⁰d⁰¹⁰⁸⁷
299 3746 345 3801 ''¹‘’
367 3789 477 3856 quaea
493 3793 567 3858 rege
583 3775 701 3840 tradita
717 3774 820 3838 iuerat
836 3771 893 3846 eis;
911 3771 1024 3854 quibus
1039 3776 1072 3840 ct
1086 3776 1204 3839 statuta
1218 3777 1336 3841 cibaria
1353 3796 1394 3844 ex
1408 3782 1486 3847 hor·

124 3819 160 3890 ll,
176 3835 202 3876 '¹‘
217 3819 264 3874 37'
367 3863 430 3926 reis
440 3863 577 3946 'publicis
590 3854 833 3947 praebebantur,
842 3864 875 3923 et
888 3861 1006 3926 idcirco
1020 3879 1083 3924 non
1096 3867 1169 3928 sunt
1179 3867 1332 3947 compulsi
1350 3871 1486 3937 vendere

368 3954 579 4034 possessiones
594 3970 675 4018 suas.
687 3975 704 4014 »
715 3951 864 4017 Additur:
883 3969 900 4009 «
914 3951 951 4016 ln
968 3950 1112 4014 universa
1129 3955 1211 4018 terra
1228 3956 1380 4038 Aegypti,
1401 3963 1487 4042 regi-

367 4042 537 4125 busquinta
546 4060 616 4124 pars
625 4039 769 4114 solvitur,
780 4045 813 4105 et
825 4039 945 4103 factum
952 4040 1093 4122 estquasi
1101 4040 1134 4103 ia
1145 4040 1258 4122 legem,
1270 4044 1385 4134 absque
1398 4052 1484 4114 terra

133 4137 344 4213 Aloeuiltvll,
366 4132 566 4205 sacerdotali,
585 4148 665 4214 quae
682 4129 781 4193 libera
796 4129 835 4192 ab
852 4127 911 4192 hac
926 4127 1112 4193 conditione
1128 4128 1190 4195 luit
1204 4129 1249 4214 la).
1270 4156 1288 4194 a

122 4214 221 4268 22-26-
457 4221 489 4284 2.
509 4221 599 4302 Apud
615 4218 800 4302 Aethiopes,
826 4215 988 4291 cainaeos,
1006 4217 1128 4293 Persas,
1146 4220 1255 4284 eadem
1279 4219 1482 4301 obtinebant,

140 4365 147 4388 Γ
364 4327 498 4396 quorum
514 4309 689 4373 sacerdotes
705 4307 805 4372 instar
820 4305 1052 4389 Aegyptiorum
1076 4307 1216 4374 instituti
1232 4309 1369 4384 fuerant,
1389 4331 1407 4376 a
1425 4316 1484 4380 tri-

117 4365 247 4501 qg'u'f'ffi
262 4363 344 4496 Ῑῖἒηο
365 4401 450 4467 butis
466 4405 498 4465 et
514 4399 662 4464 oneribus
676 4395 809 4478 publicis
822 4391 926 4460 liberi.
939 4393 1056 4460 Eadem
1072 4396 1111 4458 de
1121 4395 1252 4462 Druidis
1263 4399 1345 4480 apud
1358 4400 1479 4474 Gallos.

136 4508 162 4574 6)
195 4515 237 4569 De
251 4483 338 4572 'moa
363 4491 444 4557 lulio
458 4487 590 4556 Caesare
605 4485 776 4560 referente,
796 4482 826 4568 5)
841 4488 873 4548 et
888 4484 927 4547 dc
949 4483 1163 4552 sacerdotibus
1178 4486 1424 4566 Germanorum,
1443 4494 1482 4556 de

10 4579 12 4656 Ξ
119 4583 226 4653 (term,
239 4591 297 4664 llll,
312 4595 337 4649 3.
362 4581 474 4662 quibus
489 4577 615 4643 Tacitus
631 4572 672 4658 6).
