<?xml version="1.0" encoding="UTF-8"?>
<!DOCTYPE html PUBLIC "-//W3C//DTD XHTML 1.0 Transitional//EN"
    "http://www.w3.org/TR/xhtml1/DTD/xhtml1-transitional.dtd">
<html xmlns="http://www.w3.org/1999/xhtml" xml:lang="en" lang="en">
 <head>
  <title>
</title>
<meta http-equiv="Content-Type" content="text/html;charset=utf-8" />
  <meta name='ocr-system' content='tesseract 3.04.00' />
  <meta name='ocr-capabilities' content='ocr_page ocr_carea ocr_par ocr_line ocrx_word'/>
</head>
<body>
  <div class='ocr_page' id='page_1' title='image "./iurisnaturaeetg01audigoog_0285.png"; bbox 0 0 3228 5280; ppageno 0'>
   <div class='ocr_carea' id='block_1_1' title="bbox 424 293 1015 402">
    <p class='ocr_par' dir='ltr' id='par_1_1' title="bbox 424 293 1015 402">
     <span class='ocr_line' id='line_1_1' title="bbox 424 293 1015 402; baseline -0.003 -38"><span class='ocrx_word' id='word_1_1' title='bbox 424 293 492 364; x_wconf 75' lang='lat' dir='ltr'><strong>ilbi</strong></span> <span class='ocrx_word' id='word_1_2' title='bbox 666 395 671 402; x_wconf 18' lang='grc' dir='ltr'>ι</span> <span class='ocrx_word' id='word_1_3' title='bbox 856 315 1015 366; x_wconf 78' lang='lat' dir='ltr'><strong>naaman.</strong></span> 
     </span>
    </p>
   </div>
   <div class='ocr_carea' id='block_1_2' title="bbox 304 454 1509 4616">
    <p class='ocr_par' dir='ltr' id='par_1_2' title="bbox 378 454 1507 793">
     <span class='ocr_line' id='line_1_2' title="bbox 378 454 1506 530; baseline -0.005 -8"><span class='ocrx_word' id='word_1_4' title='bbox 378 464 427 524; x_wconf 90' lang='lat' dir='ltr'><strong>cst</strong></span> <span class='ocrx_word' id='word_1_5' title='bbox 440 457 533 524; x_wconf 88' lang='lat' dir='ltr'><strong>halus</strong></span> <span class='ocrx_word' id='word_1_6' title='bbox 547 458 672 524; x_wconf 91' lang='lat' dir='ltr'><strong>aetatis.</strong></span> <span class='ocrx_word' id='word_1_7' title='bbox 689 461 740 524; x_wconf 78' lang='lat' dir='ltr'><strong>An</strong></span> <span class='ocrx_word' id='word_1_8' title='bbox 756 459 810 526; x_wconf 93' lang='lat' dir='ltr'><strong>illa</strong></span> <span class='ocrx_word' id='word_1_9' title='bbox 824 467 873 528; x_wconf 88' lang='lat' dir='ltr'><strong>est</strong></span> <span class='ocrx_word' id='word_1_10' title='bbox 887 461 986 526; x_wconf 89' lang='lat' dir='ltr'><strong>libera</strong></span> <span class='ocrx_word' id='word_1_11' title='bbox 1001 457 1141 526; x_wconf 86' lang='lat' dir='ltr'><strong>civitatis</strong></span> <span class='ocrx_word' id='word_1_12' title='bbox 1155 454 1331 530; x_wconf 87' lang='lat' dir='ltr'><strong>institutio,</strong></span> <span class='ocrx_word' id='word_1_13' title='bbox 1347 455 1398 522; x_wconf 83' lang='lat' dir='ltr'><strong>vel</strong></span> <span class='ocrx_word' id='word_1_14' title='bbox 1412 455 1506 522; x_wconf 86' lang='lat' dir='ltr'><strong>nisus</strong></span> 
     </span>
     <span class='ocr_line' id='line_1_3' title="bbox 379 545 1505 633; baseline -0.004 -21"><span class='ocrx_word' id='word_1_15' title='bbox 379 548 513 633; x_wconf 81' lang='lat' dir='ltr'><strong>quilibet</strong></span> <span class='ocrx_word' id='word_1_16' title='bbox 529 548 563 612; x_wconf 93' lang='lat' dir='ltr'><strong>in</strong></span> <span class='ocrx_word' id='word_1_17' title='bbox 579 547 806 629; x_wconf 77' lang='lat' dir='ltr'><strong>imperantem?</strong></span> <span class='ocrx_word' id='word_1_18' title='bbox 819 551 968 617; x_wconf 84' lang='lat' dir='ltr'><strong>Minime.</strong></span> <span class='ocrx_word' id='word_1_19' title='bbox 982 549 1141 631; x_wconf 73' lang='lat' dir='ltr'>Legitima</span> <span class='ocrx_word' id='word_1_20' title='bbox 1158 545 1288 611; x_wconf 85' lang='lat' dir='ltr'><strong>libertas</strong></span> <span class='ocrx_word' id='word_1_21' title='bbox 1299 563 1340 610; x_wconf 88' lang='lat' dir='ltr'><strong>ex</strong></span> <span class='ocrx_word' id='word_1_22' title='bbox 1351 545 1423 610; x_wconf 83' lang='lat' dir='ltr'><strong>Dea</strong></span> <span class='ocrx_word' id='word_1_23' title='bbox 1434 551 1505 610; x_wconf 89' lang='lat' dir='ltr'><strong>est:</strong></span> 
     </span>
     <span class='ocr_line' id='line_1_4' title="bbox 380 635 1507 719; baseline -0.003 -19"><span class='ocrx_word' id='word_1_24' title='bbox 380 636 617 718; x_wconf 80' lang='lat' dir='ltr'><strong>necquicquam</strong></span> <span class='ocrx_word' id='word_1_25' title='bbox 637 635 786 701; x_wconf 80' lang='lat' dir='ltr'><strong>rebellem</strong></span> <span class='ocrx_word' id='word_1_26' title='bbox 801 639 919 706; x_wconf 84' lang='lat' dir='ltr'><strong>dixerit</strong></span> <span class='ocrx_word' id='word_1_27' title='bbox 937 639 1092 704; x_wconf 62' lang='lat' dir='ltr'><strong>hamam</strong></span> <span class='ocrx_word' id='word_1_28' title='bbox 1106 637 1248 710; x_wconf 79' lang='lat' dir='ltr'><strong>binnam,</strong></span> <span class='ocrx_word' id='word_1_29' title='bbox 1265 636 1351 717; x_wconf 87' lang='lat' dir='ltr'><strong>regis</strong></span> <span class='ocrx_word' id='word_1_30' title='bbox 1365 635 1418 698; x_wconf 89' lang='lat' dir='ltr'><strong>sui</strong></span> <span class='ocrx_word' id='word_1_31' title='bbox 1434 635 1507 719; x_wconf 88' lang='lat' dir='ltr'><strong>pri-</strong></span> 
     </span>
     <span class='ocr_line' id='line_1_5' title="bbox 379 725 1184 793; baseline 0.005 -3"><span class='ocrx_word' id='word_1_32' title='bbox 379 730 501 793; x_wconf 86' lang='lat' dir='ltr'><strong>matum</strong></span> <span class='ocrx_word' id='word_1_33' title='bbox 516 725 738 790; x_wconf 75' lang='lat' dir='ltr'><strong>tra-Fcclcstam</strong></span> <span class='ocrx_word' id='word_1_34' title='bbox 754 726 966 793; x_wconf 86' lang='lat' dir='ltr'><strong>reiicientem.</strong></span> <span class='ocrx_word' id='word_1_35' title='bbox 1182 743 1184 750; x_wconf 85' lang='grc'><em>·</em></span> 
     </span>
    </p>

    <p class='ocr_par' dir='ltr' id='par_1_3' title="bbox 377 811 1506 1517">
     <span class='ocr_line' id='line_1_6' title="bbox 467 811 1506 900; baseline -0.003 -21"><span class='ocrx_word' id='word_1_36' title='bbox 467 813 529 892; x_wconf 78' lang='lat' dir='ltr'><strong>lll.</strong></span> <span class='ocrx_word' id='word_1_37' title='bbox 546 813 632 894; x_wconf 83' lang='lat' dir='ltr'>Quid</span> <span class='ocrx_word' id='word_1_38' title='bbox 647 813 763 895; x_wconf 79' lang='lat' dir='ltr'><strong>igitml</strong></span> <span class='ocrx_word' id='word_1_39' title='bbox 774 813 918 900; x_wconf 73' lang='lat' dir='ltr'><strong>systema</strong></span> <span class='ocrx_word' id='word_1_40' title='bbox 935 821 983 882; x_wconf 85' lang='lat' dir='ltr'><strong>cst</strong></span> <span class='ocrx_word' id='word_1_41' title='bbox 994 811 1308 886; x_wconf 76' lang='lat' dir='ltr'><strong>universalissimum,</strong></span> <span class='ocrx_word' id='word_1_42' title='bbox 1322 811 1429 876; x_wconf 90' lang='lat' dir='ltr'><strong>ideale</strong></span> <span class='ocrx_word' id='word_1_43' title='bbox 1440 811 1506 876; x_wconf 88' lang='lat' dir='ltr'><strong>im-</strong></span> 
     </span>
     <span class='ocr_line' id='line_1_7' title="bbox 379 900 1502 986; baseline 0 -20"><span class='ocrx_word' id='word_1_44' title='bbox 379 900 502 983; x_wconf 89' lang='lat' dir='ltr'><strong>perium</strong></span> <span class='ocrx_word' id='word_1_45' title='bbox 517 919 666 968; x_wconf 86' lang='lat' dir='ltr'><strong>exercens</strong></span> <span class='ocrx_word' id='word_1_46' title='bbox 677 903 717 967; x_wconf 85' lang='lat' dir='ltr'><strong>ab</strong></span> <span class='ocrx_word' id='word_1_47' title='bbox 728 920 813 968; x_wconf 91' lang='lat' dir='ltr'><strong>anna</strong></span> <span class='ocrx_word' id='word_1_48' title='bbox 824 902 924 980; x_wconf 73' lang='lat'><strong>1789,</strong></span> <span class='ocrx_word' id='word_1_49' title='bbox 934 909 968 970; x_wconf 89' lang='lat' dir='ltr'><strong>et</strong></span> <span class='ocrx_word' id='word_1_50' title='bbox 980 905 1063 986; x_wconf 87' lang='lat' dir='ltr'><strong>leges</strong></span> <span class='ocrx_word' id='word_1_51' title='bbox 1073 903 1158 968; x_wconf 86' lang='lat' dir='ltr'><strong>vitae</strong></span> <span class='ocrx_word' id='word_1_52' title='bbox 1169 900 1316 984; x_wconf 89' lang='lat' dir='ltr'><strong>publicae</strong></span> <span class='ocrx_word' id='word_1_53' title='bbox 1325 901 1502 966; x_wconf 88' lang='lat' dir='ltr'><strong>deliniens.</strong></span> 
     </span>
     <span class='ocr_line' id='line_1_8' title="bbox 379 991 1504 1074; baseline -0.002 -18"><span class='ocrx_word' id='word_1_54' title='bbox 379 991 547 1068; x_wconf 75' lang='lat' dir='ltr'><strong>decolatio</strong></span> <span class='ocrx_word' id='word_1_55' title='bbox 562 997 611 1056; x_wconf 77' lang='lat' dir='ltr'><strong>eat</strong></span> <span class='ocrx_word' id='word_1_56' title='bbox 624 992 802 1057; x_wconf 70' lang='lat' dir='ltr'><strong>constitutio</strong></span> <span class='ocrx_word' id='word_1_57' title='bbox 813 995 932 1074; x_wconf 86' lang='lat' dir='ltr'><strong>publici</strong></span> <span class='ocrx_word' id='word_1_58' title='bbox 942 1003 1042 1058; x_wconf 80' lang='lat' dir='ltr'><strong>statas</strong></span> <span class='ocrx_word' id='word_1_59' title='bbox 1054 1010 1097 1057; x_wconf 79' lang='lat' dir='ltr'><strong>cc</strong></span> <span class='ocrx_word' id='word_1_60' title='bbox 1109 991 1427 1066; x_wconf 80' lang='lat' dir='ltr'><strong>baminisoolantate,</strong></span> <span class='ocrx_word' id='word_1_61' title='bbox 1442 1009 1504 1055; x_wconf 76' lang='lat' dir='ltr'><strong>ca·</strong></span> 
     </span>
     <span class='ocr_line' id='line_1_9' title="bbox 380 1079 1499 1157; baseline 0.001 -14"><span class='ocrx_word' id='word_1_62' title='bbox 380 1079 467 1144; x_wconf 80' lang='lat' dir='ltr'><strong>clara</strong></span> <span class='ocrx_word' id='word_1_63' title='bbox 482 1081 552 1144; x_wconf 81' lang='lat' dir='ltr'><strong>iure</strong></span> <span class='ocrx_word' id='word_1_64' title='bbox 566 1079 688 1156; x_wconf 76' lang='lat' dir='ltr'><strong>divion·</strong></span> <span class='ocrx_word' id='word_1_65' title='bbox 698 1082 842 1146; x_wconf 85' lang='lat' dir='ltr'><strong>dcotrina</strong></span> <span class='ocrx_word' id='word_1_66' title='bbox 852 1091 908 1157; x_wconf 81' lang='lat' dir='ltr'><strong>eal,</strong></span> <span class='ocrx_word' id='word_1_67' title='bbox 920 1100 1044 1147; x_wconf 85' lang='lat' dir='ltr'><strong>amnem</strong></span> <span class='ocrx_word' id='word_1_68' title='bbox 1053 1080 1271 1145; x_wconf 68' lang='lat' dir='ltr'><strong>amenitatem</strong></span> <span class='ocrx_word' id='word_1_69' title='bbox 1282 1098 1349 1143; x_wconf 86' lang='lat' dir='ltr'><strong>non</strong></span> <span class='ocrx_word' id='word_1_70' title='bbox 1360 1097 1404 1142; x_wconf 79' lang='lat' dir='ltr'><strong>ec</strong></span> <span class='ocrx_word' id='word_1_71' title='bbox 1415 1079 1499 1155; x_wconf 83' lang='lat' dir='ltr'><strong>Deo,</strong></span> 
     </span>
     <span class='ocr_line' id='line_1_10' title="bbox 379 1168 1501 1252; baseline -0.003 -18"><span class='ocrx_word' id='word_1_72' title='bbox 379 1170 431 1234; x_wconf 73' lang='lat' dir='ltr'><strong>aad</strong></span> <span class='ocrx_word' id='word_1_73' title='bbox 445 1186 489 1233; x_wconf 80' lang='lat' dir='ltr'><strong>cc</strong></span> <span class='ocrx_word' id='word_1_74' title='bbox 501 1169 636 1245; x_wconf 81' lang='lat' dir='ltr'><strong>bomine,</strong></span> <span class='ocrx_word' id='word_1_75' title='bbox 655 1169 703 1232; x_wconf 86' lang='lat' dir='ltr'><strong>ccl</strong></span> <span class='ocrx_word' id='word_1_76' title='bbox 719 1187 762 1233; x_wconf 79' lang='lat' dir='ltr'><strong>cc</strong></span> <span class='ocrx_word' id='word_1_77' title='bbox 770 1171 891 1252; x_wconf 78' lang='lat' dir='ltr'><strong>poprtlo</strong></span> <span class='ocrx_word' id='word_1_78' title='bbox 912 1179 1066 1251; x_wconf 67' lang='lat' dir='ltr'><strong>repetem:</strong></span> <span class='ocrx_word' id='word_1_79' title='bbox 1080 1172 1204 1242; x_wconf 78' lang='lat' dir='ltr'><strong>amens,</strong></span> <span class='ocrx_word' id='word_1_80' title='bbox 1215 1187 1288 1232; x_wconf 40' lang='lat' dir='ltr'><strong>nuno</strong></span> <span class='ocrx_word' id='word_1_81' title='bbox 1304 1168 1411 1247; x_wconf 82' lang='lat' dir='ltr'><strong>verba,</strong></span> <span class='ocrx_word' id='word_1_82' title='bbox 1431 1187 1501 1232; x_wconf 88' lang='lat' dir='ltr'><strong>non</strong></span> 
     </span>
     <span class='ocr_line' id='line_1_11' title="bbox 377 1257 1500 1344; baseline -0.004 -22"><span class='ocrx_word' id='word_1_83' title='bbox 377 1258 490 1322; x_wconf 77' lang='lat' dir='ltr'><strong>divim</strong></span> <span class='ocrx_word' id='word_1_84' title='bbox 511 1257 663 1322; x_wconf 75' lang='lat' dir='ltr'><strong>mndata</strong></span> <span class='ocrx_word' id='word_1_85' title='bbox 678 1259 816 1322; x_wconf 71' lang='lat' dir='ltr'><strong>societati</strong></span> <span class='ocrx_word' id='word_1_86' title='bbox 833 1278 897 1325; x_wconf 76' lang='lat' dir='ltr'><strong>croc</strong></span> <span class='ocrx_word' id='word_1_87' title='bbox 909 1259 1132 1344; x_wconf 75' lang='lat' dir='ltr'><strong>praeficienda,</strong></span> <span class='ocrx_word' id='word_1_88' title='bbox 1145 1259 1205 1321; x_wconf 79' lang='lat' dir='ltr'><strong>scd</strong></span> <span class='ocrx_word' id='word_1_89' title='bbox 1217 1257 1429 1322; x_wconf 69' lang='lat' dir='ltr'><strong>arbitrariam</strong></span> <span class='ocrx_word' id='word_1_90' title='bbox 1442 1258 1500 1318; x_wconf 85' lang='lat' dir='ltr'><strong>bo-</strong></span> 
     </span>
     <span class='ocr_line' id='line_1_12' title="bbox 378 1343 1501 1428; baseline -0.002 -19"><span class='ocrx_word' id='word_1_91' title='bbox 378 1346 477 1410; x_wconf 77' lang='lat' dir='ltr'><strong>minis</strong></span> <span class='ocrx_word' id='word_1_92' title='bbox 483 1343 735 1428; x_wconf 71' lang='lat' dir='ltr'><strong>pupillorumque</strong></span> <span class='ocrx_word' id='word_1_93' title='bbox 743 1347 1036 1414; x_wconf 78' lang='lat' dir='ltr'><strong>volantatemliaec</strong></span> <span class='ocrx_word' id='word_1_94' title='bbox 1044 1346 1383 1412; x_wconf 83' lang='lat' dir='ltr'><strong>revolutionissumma</strong></span> <span class='ocrx_word' id='word_1_95' title='bbox 1393 1344 1501 1410; x_wconf 85' lang='lat' dir='ltr'><strong>elela-</strong></span> 
     </span>
     <span class='ocr_line' id='line_1_13' title="bbox 379 1434 891 1517; baseline 0.01 -19"><span class='ocrx_word' id='word_1_96' title='bbox 379 1434 438 1499; x_wconf 84' lang='lat' dir='ltr'><strong>vis.</strong></span> <span class='ocrx_word' id='word_1_97' title='bbox 455 1434 533 1500; x_wconf 87' lang='lat' dir='ltr'><strong>Eius</strong></span> <span class='ocrx_word' id='word_1_98' title='bbox 547 1435 703 1517; x_wconf 90' lang='lat' dir='ltr'><strong>pustulata</strong></span> <span class='ocrx_word' id='word_1_99' title='bbox 720 1435 891 1503; x_wconf 82' lang='lat' dir='ltr'><strong>videamus.</strong></span> 
     </span>
    </p>

    <p class='ocr_par' dir='ltr' id='par_1_4' title="bbox 379 1521 1503 1872">
     <span class='ocr_line' id='line_1_14' title="bbox 468 1521 1502 1606; baseline -0.005 -16"><span class='ocrx_word' id='word_1_100' title='bbox 468 1523 528 1590; x_wconf 84' lang='lat' dir='ltr'><strong>tv.</strong></span> <span class='ocrx_word' id='word_1_101' title='bbox 541 1523 705 1590; x_wconf 80' lang='lat' dir='ltr'><strong>sommum</strong></span> <span class='ocrx_word' id='word_1_102' title='bbox 713 1527 826 1606; x_wconf 88' lang='lat' dir='ltr'><strong>papali</strong></span> <span class='ocrx_word' id='word_1_103' title='bbox 837 1527 1005 1606; x_wconf 78' lang='lat' dir='ltr'><strong>imperinm</strong></span> <span class='ocrx_word' id='word_1_104' title='bbox 1019 1526 1166 1605; x_wconf 86' lang='lat' dir='ltr'><strong>postulat,</strong></span> <span class='ocrx_word' id='word_1_105' title='bbox 1178 1540 1218 1589; x_wconf 89' lang='lat' dir='ltr'><strong>ex</strong></span> <span class='ocrx_word' id='word_1_106' title='bbox 1229 1541 1291 1605; x_wconf 87' lang='lat' dir='ltr'><strong>qno</strong></span> <span class='ocrx_word' id='word_1_107' title='bbox 1302 1521 1502 1587; x_wconf 86' lang='lat' dir='ltr'><strong>constituen-</strong></span> 
     </span>
     <span class='ocr_line' id='line_1_15' title="bbox 379 1610 1502 1694; baseline -0.002 -19"><span class='ocrx_word' id='word_1_108' title='bbox 379 1611 418 1676; x_wconf 87' lang='lat' dir='ltr'><strong>da</strong></span> <span class='ocrx_word' id='word_1_109' title='bbox 434 1611 479 1680; x_wconf 92' lang='lat' dir='ltr'><strong>sit</strong></span> <span class='ocrx_word' id='word_1_110' title='bbox 492 1613 668 1694; x_wconf 82' lang='lat' dir='ltr'><strong>respublica</strong></span> <span class='ocrx_word' id='word_1_111' title='bbox 680 1613 904 1689; x_wconf 84' lang='lat' dir='ltr'><strong>democratica&#39;,</strong></span> <span class='ocrx_word' id='word_1_112' title='bbox 922 1615 971 1679; x_wconf 85' lang='lat' dir='ltr'><strong>vel</strong></span> <span class='ocrx_word' id='word_1_113' title='bbox 989 1611 1187 1685; x_wconf 83' lang='lat' dir='ltr'><strong>monarchia,</strong></span> <span class='ocrx_word' id='word_1_114' title='bbox 1197 1611 1310 1694; x_wconf 87' lang='lat' dir='ltr'><strong>inqua</strong></span> <span class='ocrx_word' id='word_1_115' title='bbox 1328 1629 1386 1675; x_wconf 88' lang='lat' dir='ltr'><strong>rex</strong></span> <span class='ocrx_word' id='word_1_116' title='bbox 1401 1610 1502 1676; x_wconf 92' lang='lat' dir='ltr'><strong>comi·</strong></span> 
     </span>
     <span class='ocr_line' id='line_1_16' title="bbox 380 1700 1503 1783; baseline -0.003 -17"><span class='ocrx_word' id='word_1_117' title='bbox 380 1701 448 1776; x_wconf 89' lang='lat' dir='ltr'><strong>tiis,</strong></span> <span class='ocrx_word' id='word_1_118' title='bbox 465 1701 709 1782; x_wconf 87' lang='lat' dir='ltr'><strong>legumlatorum</strong></span> <span class='ocrx_word' id='word_1_119' title='bbox 726 1707 831 1768; x_wconf 89' lang='lat' dir='ltr'><strong>autem</strong></span> <span class='ocrx_word' id='word_1_120' title='bbox 846 1703 976 1768; x_wconf 91' lang='lat' dir='ltr'><strong>comitia</strong></span> <span class='ocrx_word' id='word_1_121' title='bbox 988 1702 1018 1765; x_wconf 92' lang='lat' dir='ltr'><strong>ei</strong></span> <span class='ocrx_word' id='word_1_122' title='bbox 1030 1719 1111 1782; x_wconf 87' lang='lat' dir='ltr'><strong>quae</strong></span> <span class='ocrx_word' id='word_1_123' title='bbox 1126 1701 1245 1764; x_wconf 87' lang='lat' dir='ltr'><strong>dicitur</strong></span> <span class='ocrx_word' id='word_1_124' title='bbox 1257 1701 1365 1783; x_wconf 88' lang='lat' dir='ltr'><strong>papuli</strong></span> <span class='ocrx_word' id='word_1_125' title='bbox 1383 1700 1434 1764; x_wconf 82' lang='lat' dir='ltr'><strong>vel</strong></span> <span class='ocrx_word' id='word_1_126' title='bbox 1446 1719 1503 1782; x_wconf 93' lang='lat' dir='ltr'><strong>pu-</strong></span> 
     </span>
     <span class='ocr_line' id='line_1_17' title="bbox 381 1789 1250 1872; baseline -0.001 -19"><span class='ocrx_word' id='word_1_127' title='bbox 381 1789 462 1871; x_wconf 88' lang='lat' dir='ltr'><strong>blica</strong></span> <span class='ocrx_word' id='word_1_128' title='bbox 477 1790 600 1872; x_wconf 91' lang='lat' dir='ltr'><strong>opinio,</strong></span> <span class='ocrx_word' id='word_1_129' title='bbox 619 1790 846 1856; x_wconf 87' lang='lat' dir='ltr'><strong>absolutissima</strong></span> <span class='ocrx_word' id='word_1_130' title='bbox 861 1792 1016 1860; x_wconf 87' lang='lat' dir='ltr'><strong>servitute</strong></span> <span class='ocrx_word' id='word_1_131' title='bbox 1032 1790 1250 1855; x_wconf 86' lang='lat' dir='ltr'><strong>subiiciuntnr.</strong></span> 
     </span>
    </p>

    <p class='ocr_par' dir='ltr' id='par_1_5' title="bbox 381 1876 1504 2317">
     <span class='ocr_line' id='line_1_18' title="bbox 469 1876 1502 1962; baseline -0.002 -20"><span class='ocrx_word' id='word_1_132' title='bbox 469 1877 511 1942; x_wconf 85' lang='lat' dir='ltr'><strong>V.</strong></span> <span class='ocrx_word' id='word_1_133' title='bbox 527 1878 613 1943; x_wconf 85' lang='lat' dir='ltr'><strong>Petit</strong></span> <span class='ocrx_word' id='word_1_134' title='bbox 623 1879 804 1958; x_wconf 81' lang='lat' dir='ltr'><strong>libertatem,</strong></span> <span class='ocrx_word' id='word_1_135' title='bbox 813 1879 1083 1962; x_wconf 84' lang='lat' dir='ltr'><strong>reiquaecumqae</strong></span> <span class='ocrx_word' id='word_1_136' title='bbox 1095 1877 1229 1942; x_wconf 89' lang='lat' dir='ltr'><strong>audendi</strong></span> <span class='ocrx_word' id='word_1_137' title='bbox 1239 1876 1418 1940; x_wconf 87' lang='lat' dir='ltr'><strong>licentiam:</strong></span> <span class='ocrx_word' id='word_1_138' title='bbox 1430 1895 1502 1959; x_wconf 93' lang='lat' dir='ltr'><strong>pro-</strong></span> 
     </span>
     <span class='ocr_line' id='line_1_19' title="bbox 381 1965 1502 2050; baseline -0.001 -21"><span class='ocrx_word' id='word_1_139' title='bbox 381 1965 526 2047; x_wconf 90' lang='lat' dir='ltr'><strong>prietatis</strong></span> <span class='ocrx_word' id='word_1_140' title='bbox 542 1966 727 2030; x_wconf 86' lang='lat' dir='ltr'><strong>divisionem</strong></span> <span class='ocrx_word' id='word_1_141' title='bbox 739 1968 787 2031; x_wconf 83' lang='lat' dir='ltr'><strong>vel</strong></span> <span class='ocrx_word' id='word_1_142' title='bbox 797 1967 1216 2050; x_wconf 79' lang='lat' dir='ltr'><strong>abrogationemnullisqne</strong></span> <span class='ocrx_word' id='word_1_143' title='bbox 1226 1966 1502 2046; x_wconf 84' lang='lat' dir='ltr'><strong>circumscriptam</strong></span> 
     </span>
     <span class='ocr_line' id='line_1_20' title="bbox 382 2052 1502 2136; baseline 0 -20"><span class='ocrx_word' id='word_1_144' title='bbox 382 2052 537 2118; x_wconf 90' lang='lat' dir='ltr'><strong>limitibus</strong></span> <span class='ocrx_word' id='word_1_145' title='bbox 557 2053 718 2136; x_wconf 87' lang='lat' dir='ltr'><strong>loquendi,</strong></span> <span class='ocrx_word' id='word_1_146' title='bbox 735 2056 906 2132; x_wconf 89' lang='lat' dir='ltr'><strong>scribendi,</strong></span> <span class='ocrx_word' id='word_1_147' title='bbox 924 2057 972 2120; x_wconf 87' lang='lat' dir='ltr'><strong>vel</strong></span> <span class='ocrx_word' id='word_1_148' title='bbox 989 2055 1123 2120; x_wconf 89' lang='lat' dir='ltr'><strong>docendi</strong></span> <span class='ocrx_word' id='word_1_149' title='bbox 1147 2055 1341 2129; x_wconf 73' lang='lat' dir='ltr'><strong>libertatem</strong></span> <span class='ocrx_word' id='word_1_150' title='bbox 1359 2053 1502 2118; x_wconf 92' lang='lat' dir='ltr'><strong>cultuum</strong></span> 
     </span>
     <span class='ocr_line' id='line_1_21' title="bbox 381 2141 1503 2226; baseline -0.001 -20"><span class='ocrx_word' id='word_1_151' title='bbox 381 2141 516 2225; x_wconf 87' lang='lat' dir='ltr'><strong>denique</strong></span> <span class='ocrx_word' id='word_1_152' title='bbox 532 2146 564 2207; x_wconf 91' lang='lat' dir='ltr'><strong>et</strong></span> <span class='ocrx_word' id='word_1_153' title='bbox 579 2142 710 2206; x_wconf 88' lang='lat' dir='ltr'><strong>divortii</strong></span> <span class='ocrx_word' id='word_1_154' title='bbox 724 2142 899 2210; x_wconf 87' lang='lat' dir='ltr'><strong>licentiam.</strong></span> <span class='ocrx_word' id='word_1_155' title='bbox 911 2145 977 2210; x_wconf 87' lang='lat' dir='ltr'><strong>Nec</strong></span> <span class='ocrx_word' id='word_1_156' title='bbox 989 2143 1075 2209; x_wconf 85' lang='lat' dir='ltr'><strong>linis:</strong></span> <span class='ocrx_word' id='word_1_157' title='bbox 1090 2160 1210 2226; x_wconf 89' lang='lat' dir='ltr'><strong>poenae</strong></span> <span class='ocrx_word' id='word_1_158' title='bbox 1221 2143 1335 2223; x_wconf 91' lang='lat' dir='ltr'><strong>capitis</strong></span> <span class='ocrx_word' id='word_1_159' title='bbox 1346 2143 1503 2206; x_wconf 77' lang='lat' dir='ltr'><strong>rescissio-</strong></span> 
     </span>
     <span class='ocr_line' id='line_1_22' title="bbox 381 2229 1504 2317; baseline 0.001 -24"><span class='ocrx_word' id='word_1_160' title='bbox 381 2248 454 2293; x_wconf 89' lang='lat' dir='ltr'><strong>nem</strong></span> <span class='ocrx_word' id='word_1_161' title='bbox 470 2229 564 2310; x_wconf 90' lang='lat' dir='ltr'><strong>petit,</strong></span> <span class='ocrx_word' id='word_1_162' title='bbox 578 2229 791 2314; x_wconf 85' lang='lat' dir='ltr'><strong>blasphemiae</strong></span> <span class='ocrx_word' id='word_1_163' title='bbox 802 2233 1039 2317; x_wconf 89' lang='lat' dir='ltr'><strong>impunitatem,</strong></span> <span class='ocrx_word' id='word_1_164' title='bbox 1049 2232 1187 2298; x_wconf 87' lang='lat' dir='ltr'><strong>suicidae</strong></span> <span class='ocrx_word' id='word_1_165' title='bbox 1198 2231 1392 2314; x_wconf 83' lang='lat' dir='ltr'><strong>sepulturam</strong></span> <span class='ocrx_word' id='word_1_166' title='bbox 1405 2231 1504 2295; x_wconf 89' lang='lat' dir='ltr'><strong>ecclc-</strong></span> 
     </span>
    </p>

    <p class='ocr_par' dir='ltr' id='par_1_6' title="bbox 381 2319 552 2383">
     <span class='ocr_line' id='line_1_23' title="bbox 381 2319 552 2383; baseline 0 -1"><span class='ocrx_word' id='word_1_167' title='bbox 381 2319 552 2383; x_wconf 87' lang='lat' dir='ltr'><strong>siasticam.</strong></span> 
     </span>
    </p>

    <p class='ocr_par' dir='ltr' id='par_1_7' title="bbox 309 2406 1506 2666">
     <span class='ocr_line' id='line_1_24' title="bbox 309 2406 1504 2491; baseline 0.002 -20"><span class='ocrx_word' id='word_1_168' title='bbox 309 2411 312 2418; x_wconf 87' lang='lat'>&#39;</span> <span class='ocrx_word' id='word_1_169' title='bbox 471 2406 528 2471; x_wconf 86' lang='lat' dir='ltr'><strong>Vl.</strong></span> <span class='ocrx_word' id='word_1_170' title='bbox 545 2407 631 2472; x_wconf 84' lang='lat' dir='ltr'><strong>Petit</strong></span> <span class='ocrx_word' id='word_1_171' title='bbox 642 2407 799 2473; x_wconf 86' lang='lat' dir='ltr'><strong>revolutio</strong></span> <span class='ocrx_word' id='word_1_172' title='bbox 811 2409 1043 2491; x_wconf 82' lang='lat' dir='ltr'><strong>aequalitatem.</strong></span> <span class='ocrx_word' id='word_1_173' title='bbox 1053 2408 1377 2474; x_wconf 86' lang='lat' dir='ltr'><strong>llbradanturcivium</strong></span> <span class='ocrx_word' id='word_1_174' title='bbox 1389 2412 1504 2482; x_wconf 86' lang='lat' dir='ltr'><strong>status,</strong></span> 
     </span>
     <span class='ocr_line' id='line_1_25' title="bbox 381 2495 1506 2581; baseline 0.002 -21"><span class='ocrx_word' id='word_1_175' title='bbox 381 2495 507 2570; x_wconf 87' lang='lat' dir='ltr'><strong>classes,</strong></span> <span class='ocrx_word' id='word_1_176' title='bbox 527 2513 659 2578; x_wconf 88' lang='lat' dir='ltr'><strong>corpora</strong></span> <span class='ocrx_word' id='word_1_177' title='bbox 683 2498 790 2562; x_wconf 87' lang='lat' dir='ltr'><strong>omnia</strong></span> <span class='ocrx_word' id='word_1_178' title='bbox 806 2503 899 2581; x_wconf 87' lang='lat' dir='ltr'><strong>atque</strong></span> <span class='ocrx_word' id='word_1_179' title='bbox 909 2498 1131 2574; x_wconf 84' lang='lat' dir='ltr'><strong>auctoritates,</strong></span> <span class='ocrx_word' id='word_1_180' title='bbox 1148 2502 1185 2564; x_wconf 89' lang='lat' dir='ltr'><strong>ut</strong></span> <span class='ocrx_word' id='word_1_181' title='bbox 1204 2499 1336 2562; x_wconf 88' lang='lat' dir='ltr'><strong>societas</strong></span> <span class='ocrx_word' id='word_1_182' title='bbox 1358 2497 1506 2562; x_wconf 88' lang='lat' dir='ltr'><strong>universa</strong></span> 
     </span>
     <span class='ocr_line' id='line_1_26' title="bbox 381 2584 757 2666; baseline 0.011 -20"><span class='ocrx_word' id='word_1_183' title='bbox 381 2589 532 2666; x_wconf 86' lang='lat' dir='ltr'><strong>aequetur</strong></span> <span class='ocrx_word' id='word_1_184' title='bbox 547 2585 581 2649; x_wconf 92' lang='lat' dir='ltr'><strong>in</strong></span> <span class='ocrx_word' id='word_1_185' title='bbox 598 2584 757 2650; x_wconf 76' lang='lat' dir='ltr'><strong>nullitate.</strong></span> 
     </span>
    </p>

    <p class='ocr_par' dir='ltr' id='par_1_8' title="bbox 381 2671 1508 2931">
     <span class='ocr_line' id='line_1_27' title="bbox 471 2671 1505 2757; baseline 0 -19"><span class='ocrx_word' id='word_1_186' title='bbox 471 2673 545 2738; x_wconf 85' lang='lat' dir='ltr'><strong>vn.</strong></span> <span class='ocrx_word' id='word_1_187' title='bbox 559 2673 796 2756; x_wconf 81' lang='lat' dir='ltr'><strong>separationem</strong></span> <span class='ocrx_word' id='word_1_188' title='bbox 808 2676 889 2757; x_wconf 87' lang='lat' dir='ltr'><strong>petit</strong></span> <span class='ocrx_word' id='word_1_189' title='bbox 898 2674 1056 2741; x_wconf 75' lang='lat' dir='ltr'><strong>Ecclesiae</strong></span> <span class='ocrx_word' id='word_1_190' title='bbox 1067 2691 1085 2739; x_wconf 88' lang='lat' dir='ltr'><strong>a</strong></span> <span class='ocrx_word' id='word_1_191' title='bbox 1097 2671 1198 2748; x_wconf 69' lang='lat' dir='ltr'><strong>Statu</strong></span> <span class='ocrx_word' id='word_1_192' title='bbox 1209 2673 1298 2757; x_wconf 86' lang='lat' dir='ltr'><strong>quasi</strong></span> <span class='ocrx_word' id='word_1_193' title='bbox 1313 2672 1394 2738; x_wconf 83' lang='lat' dir='ltr'><strong>nmil</strong></span> <span class='ocrx_word' id='word_1_194' title='bbox 1406 2678 1505 2746; x_wconf 87' lang='lat' dir='ltr'><strong>esset,</strong></span> 
     </span>
     <span class='ocr_line' id='line_1_28' title="bbox 381 2762 1508 2846; baseline 0.003 -21"><span class='ocrx_word' id='word_1_195' title='bbox 381 2766 436 2826; x_wconf 90' lang='lat' dir='ltr'><strong>ant</strong></span> <span class='ocrx_word' id='word_1_196' title='bbox 448 2762 573 2842; x_wconf 86' lang='lat' dir='ltr'><strong>vulgare</strong></span> <span class='ocrx_word' id='word_1_197' title='bbox 582 2763 729 2845; x_wconf 86' lang='lat' dir='ltr'><strong>quiddam</strong></span> <span class='ocrx_word' id='word_1_198' title='bbox 738 2763 879 2829; x_wconf 85' lang='lat' dir='ltr'><strong>Ecclesia</strong></span> <span class='ocrx_word' id='word_1_199' title='bbox 888 2764 1071 2831; x_wconf 89' lang='lat' dir='ltr'><strong>incivitate.</strong></span> <span class='ocrx_word' id='word_1_200' title='bbox 1082 2763 1220 2846; x_wconf 88' lang='lat' dir='ltr'><strong>Populus</strong></span> <span class='ocrx_word' id='word_1_201' title='bbox 1229 2763 1263 2826; x_wconf 94' lang='lat' dir='ltr'><strong>in</strong></span> <span class='ocrx_word' id='word_1_202' title='bbox 1277 2763 1423 2828; x_wconf 78' lang='lat' dir='ltr'><strong>natamti</strong></span> <span class='ocrx_word' id='word_1_203' title='bbox 1434 2767 1508 2828; x_wconf 90' lang='lat' dir='ltr'><strong>tan-</strong></span> 
     </span>
     <span class='ocr_line' id='line_1_29' title="bbox 381 2850 816 2931; baseline 0.005 -16"><span class='ocrx_word' id='word_1_204' title='bbox 381 2856 450 2915; x_wconf 91' lang='lat' dir='ltr'><strong>tam</strong></span> <span class='ocrx_word' id='word_1_205' title='bbox 466 2850 620 2931; x_wconf 80' lang='lat' dir='ltr'><strong>religione</strong></span> <span class='ocrx_word' id='word_1_206' title='bbox 635 2852 816 2917; x_wconf 90' lang='lat' dir='ltr'><strong>edoceatur.</strong></span> 
     </span>
    </p>

    <p class='ocr_par' dir='ltr' id='par_1_9' title="bbox 304 2939 1509 3377">
     <span class='ocr_line' id='line_1_30' title="bbox 471 2939 1509 3023; baseline 0 -19"><span class='ocrx_word' id='word_1_207' title='bbox 471 2939 741 3005; x_wconf 86' lang='lat' dir='ltr'><strong>Vlll.1levolutio</strong></span> <span class='ocrx_word' id='word_1_208' title='bbox 753 2943 893 3005; x_wconf 80' lang='lat' dir='ltr'><strong>chartam</strong></span> <span class='ocrx_word' id='word_1_209' title='bbox 905 2941 989 3023; x_wconf 88' lang='lat' dir='ltr'><strong>petit</strong></span> <span class='ocrx_word' id='word_1_210' title='bbox 1001 2941 1049 3006; x_wconf 91' lang='lat' dir='ltr'><strong>vel</strong></span> <span class='ocrx_word' id='word_1_211' title='bbox 1061 2941 1332 3006; x_wconf 90' lang='lat' dir='ltr'><strong>constitutionem:</strong></span> <span class='ocrx_word' id='word_1_212' title='bbox 1347 2939 1443 3014; x_wconf 87' lang='lat' dir='ltr'><strong>idest,</strong></span> <span class='ocrx_word' id='word_1_213' title='bbox 1454 2958 1509 3004; x_wconf 88' lang='lat' dir='ltr'><strong>re-</strong></span> 
     </span>
     <span class='ocr_line' id='line_1_31' title="bbox 381 3024 1508 3112; baseline 0 -20"><span class='ocrx_word' id='word_1_214' title='bbox 381 3024 564 3093; x_wconf 85' lang='lat' dir='ltr'><strong>scissionem</strong></span> <span class='ocrx_word' id='word_1_215' title='bbox 582 3030 733 3093; x_wconf 89' lang='lat' dir='ltr'><strong>naturalis</strong></span> <span class='ocrx_word' id='word_1_216' title='bbox 747 3034 842 3111; x_wconf 85' lang='lat' dir='ltr'><strong>atque</strong></span> <span class='ocrx_word' id='word_1_217' title='bbox 857 3029 1027 3096; x_wconf 85' lang='lat' dir='ltr'><strong>historicae</strong></span> <span class='ocrx_word' id='word_1_218' title='bbox 1042 3029 1292 3102; x_wconf 87' lang='lat' dir='ltr'><strong>constitutionis,</strong></span> <span class='ocrx_word' id='word_1_219' title='bbox 1307 3034 1396 3094; x_wconf 88' lang='lat' dir='ltr'><strong>artae</strong></span> <span class='ocrx_word' id='word_1_220' title='bbox 1408 3034 1508 3112; x_wconf 86' lang='lat' dir='ltr'><strong>atquc</strong></span> 
     </span>
     <span class='ocr_line' id='line_1_32' title="bbox 382 3118 1507 3200; baseline 0 -19"><span class='ocrx_word' id='word_1_221' title='bbox 382 3118 569 3182; x_wconf 85' lang='lat' dir='ltr'><strong>obfirmatae</strong></span> <span class='ocrx_word' id='word_1_222' title='bbox 584 3119 814 3183; x_wconf 85' lang='lat' dir='ltr'><strong>exsecnloram</strong></span> <span class='ocrx_word' id='word_1_223' title='bbox 835 3135 892 3182; x_wconf 91' lang='lat' dir='ltr'><strong>usu</strong></span> <span class='ocrx_word' id='word_1_224' title='bbox 907 3123 940 3183; x_wconf 87' lang='lat' dir='ltr'><strong>et</strong></span> <span class='ocrx_word' id='word_1_225' title='bbox 955 3118 1099 3200; x_wconf 91' lang='lat' dir='ltr'><strong>gentium</strong></span> <span class='ocrx_word' id='word_1_226' title='bbox 1118 3119 1271 3190; x_wconf 75' lang='lat' dir='ltr'><strong>moribus:</strong></span> <span class='ocrx_word' id='word_1_227' title='bbox 1288 3122 1326 3181; x_wconf 91' lang='lat' dir='ltr'><strong>ut</strong></span> <span class='ocrx_word' id='word_1_228' title='bbox 1344 3118 1507 3200; x_wconf 87' lang='lat' dir='ltr'><strong>pcnnnlae</strong></span> 
     </span>
     <span class='ocr_line' id='line_1_33' title="bbox 381 3205 1507 3288; baseline -0.001 -19"><span class='ocrx_word' id='word_1_229' title='bbox 381 3207 476 3270; x_wconf 91' lang='lat' dir='ltr'><strong>ductu</strong></span> <span class='ocrx_word' id='word_1_230' title='bbox 486 3205 913 3288; x_wconf 87' lang='lat' dir='ltr'><strong>aliagignaturconstitutio,</strong></span> <span class='ocrx_word' id='word_1_231' title='bbox 924 3206 1287 3280; x_wconf 88' lang='lat' dir='ltr'><strong>iuradelensanteriora,</strong></span> <span class='ocrx_word' id='word_1_232' title='bbox 1297 3223 1441 3288; x_wconf 86' lang='lat' dir='ltr'><strong>novaque</strong></span> <span class='ocrx_word' id='word_1_233' title='bbox 1453 3205 1507 3268; x_wconf 92' lang='lat' dir='ltr'><strong>in-</strong></span> 
     </span>
     <span class='ocr_line' id='line_1_34' title="bbox 304 3295 1505 3377; baseline 0 -19"><span class='ocrx_word' id='word_1_234' title='bbox 304 3340 311 3350; x_wconf 88' lang='lat'><strong>.</strong></span> <span class='ocrx_word' id='word_1_235' title='bbox 381 3296 527 3368; x_wconf 86' lang='lat' dir='ltr'><strong>stitucns,</strong></span> <span class='ocrx_word' id='word_1_236' title='bbox 538 3313 574 3359; x_wconf 90' lang='lat' dir='ltr'><strong>ea</strong></span> <span class='ocrx_word' id='word_1_237' title='bbox 586 3300 709 3361; x_wconf 89' lang='lat' dir='ltr'><strong>tantum</strong></span> <span class='ocrx_word' id='word_1_238' title='bbox 720 3297 859 3370; x_wconf 91' lang='lat' dir='ltr'><strong>ratione,</strong></span> <span class='ocrx_word' id='word_1_239' title='bbox 869 3297 992 3377; x_wconf 87' lang='lat' dir='ltr'><strong>quodin</strong></span> <span class='ocrx_word' id='word_1_240' title='bbox 1004 3313 1040 3360; x_wconf 90' lang='lat' dir='ltr'><strong>ea</strong></span> <span class='ocrx_word' id='word_1_241' title='bbox 1049 3295 1192 3360; x_wconf 89' lang='lat' dir='ltr'><strong>chartula</strong></span> <span class='ocrx_word' id='word_1_242' title='bbox 1201 3295 1359 3376; x_wconf 86' lang='lat' dir='ltr'><strong>descripta</strong></span> <span class='ocrx_word' id='word_1_243' title='bbox 1368 3295 1505 3359; x_wconf 87' lang='lat' dir='ltr'><strong>inerint.</strong></span> 
     </span>
    </p>

    <p class='ocr_par' dir='ltr' id='par_1_10' title="bbox 383 3383 1508 3730">
     <span class='ocr_line' id='line_1_35' title="bbox 471 3383 1508 3468; baseline 0 -20"><span class='ocrx_word' id='word_1_244' title='bbox 471 3385 531 3448; x_wconf 85' lang='lat' dir='ltr'><strong>lx.</strong></span> <span class='ocrx_word' id='word_1_245' title='bbox 550 3385 701 3459; x_wconf 88' lang='lat' dir='ltr'><strong>Tandem,</strong></span> <span class='ocrx_word' id='word_1_246' title='bbox 712 3402 784 3449; x_wconf 92' lang='lat' dir='ltr'><strong>cum</strong></span> <span class='ocrx_word' id='word_1_247' title='bbox 796 3383 949 3466; x_wconf 88' lang='lat' dir='ltr'><strong>acquisita</strong></span> <span class='ocrx_word' id='word_1_248' title='bbox 961 3401 1176 3468; x_wconf 80' lang='lat' dir='ltr'><strong>quaecumque</strong></span> <span class='ocrx_word' id='word_1_249' title='bbox 1190 3387 1320 3464; x_wconf 91' lang='lat' dir='ltr'><strong>spernat</strong></span> <span class='ocrx_word' id='word_1_250' title='bbox 1332 3383 1413 3458; x_wconf 92' lang='lat' dir='ltr'><strong>iura,</strong></span> <span class='ocrx_word' id='word_1_251' title='bbox 1428 3401 1508 3448; x_wconf 90' lang='lat' dir='ltr'><strong>con-</strong></span> 
     </span>
     <span class='ocr_line' id='line_1_36' title="bbox 383 3471 1508 3555; baseline 0.001 -18"><span class='ocrx_word' id='word_1_252' title='bbox 383 3479 432 3537; x_wconf 89' lang='lat' dir='ltr'><strong>tra</strong></span> <span class='ocrx_word' id='word_1_253' title='bbox 446 3471 645 3553; x_wconf 89' lang='lat' dir='ltr'><strong>iusgentium</strong></span> <span class='ocrx_word' id='word_1_254' title='bbox 658 3474 814 3538; x_wconf 84' lang='lat' dir='ltr'><strong>revolutio</strong></span> <span class='ocrx_word' id='word_1_255' title='bbox 824 3491 921 3538; x_wconf 85' lang='lat' dir='ltr'><strong>novos</strong></span> <span class='ocrx_word' id='word_1_256' title='bbox 933 3473 1075 3555; x_wconf 90' lang='lat' dir='ltr'><strong>imperiis</strong></span> <span class='ocrx_word' id='word_1_257' title='bbox 1084 3478 1117 3537; x_wconf 92' lang='lat' dir='ltr'><strong>et</strong></span> <span class='ocrx_word' id='word_1_258' title='bbox 1126 3472 1306 3552; x_wconf 81' lang='lat' dir='ltr'><strong>nationibus</strong></span> <span class='ocrx_word' id='word_1_259' title='bbox 1316 3471 1436 3538; x_wconf 90' lang='lat' dir='ltr'><strong>limites</strong></span> <span class='ocrx_word' id='word_1_260' title='bbox 1447 3492 1508 3554; x_wconf 89' lang='lat' dir='ltr'><strong>pa·</strong></span> 
     </span>
     <span class='ocr_line' id='line_1_37' title="bbox 384 3558 1506 3643; baseline 0 -19"><span class='ocrx_word' id='word_1_261' title='bbox 384 3562 444 3624; x_wconf 90' lang='lat' dir='ltr'><strong>nit:</strong></span> <span class='ocrx_word' id='word_1_262' title='bbox 459 3578 569 3623; x_wconf 90' lang='lat' dir='ltr'><strong>omnes</strong></span> <span class='ocrx_word' id='word_1_263' title='bbox 578 3558 766 3636; x_wconf 89' lang='lat' dir='ltr'><strong>Germanos,</strong></span> <span class='ocrx_word' id='word_1_264' title='bbox 779 3561 927 3636; x_wconf 87' lang='lat' dir='ltr'><strong>Polanas,</strong></span> <span class='ocrx_word' id='word_1_265' title='bbox 942 3561 1053 3635; x_wconf 83' lang='lat' dir='ltr'><strong>Italos,</strong></span> <span class='ocrx_word' id='word_1_266' title='bbox 1064 3561 1260 3643; x_wconf 89' lang='lat' dir='ltr'><strong>reipublicae</strong></span> <span class='ocrx_word' id='word_1_267' title='bbox 1271 3561 1395 3626; x_wconf 90' lang='lat' dir='ltr'><strong>unitate</strong></span> <span class='ocrx_word' id='word_1_268' title='bbox 1407 3561 1506 3625; x_wconf 90' lang='lat' dir='ltr'><strong>simul</strong></span> 
     </span>
     <span class='ocr_line' id='line_1_38' title="bbox 383 3647 1159 3730; baseline 0.004 -20"><span class='ocrx_word' id='word_1_269' title='bbox 383 3649 450 3730; x_wconf 90' lang='lat' dir='ltr'><strong>ipsa</strong></span> <span class='ocrx_word' id='word_1_270' title='bbox 467 3647 668 3728; x_wconf 83' lang='lat' dir='ltr'><strong>recolligens.</strong></span> <span class='ocrx_word' id='word_1_271' title='bbox 948 3695 952 3703; x_wconf 54' lang='lat'><strong>.</strong></span> <span class='ocrx_word' id='word_1_272' title='bbox 1153 3686 1159 3696; x_wconf 67' lang='grc'><strong>»</strong></span> 
     </span>
    </p>

    <p class='ocr_par' dir='ltr' id='par_1_11' title="bbox 381 3729 1506 4616">
     <span class='ocr_line' id='line_1_39' title="bbox 470 3729 1506 3820; baseline -0.001 -19"><span class='ocrx_word' id='word_1_273' title='bbox 470 3736 514 3801; x_wconf 83' lang='grc' dir='ltr'><strong>Χ.</strong></span> <span class='ocrx_word' id='word_1_274' title='bbox 528 3729 614 3802; x_wconf 84' lang='lat' dir='ltr'><strong>Haec</strong></span> <span class='ocrx_word' id='word_1_275' title='bbox 625 3737 744 3813; x_wconf 90' lang='lat' dir='ltr'><strong>omnia,</strong></span> <span class='ocrx_word' id='word_1_276' title='bbox 756 3737 853 3804; x_wconf 90' lang='lat' dir='ltr'><strong>variis</strong></span> <span class='ocrx_word' id='word_1_277' title='bbox 863 3738 992 3820; x_wconf 86' lang='lat' dir='ltr'><strong>quidem</strong></span> <span class='ocrx_word' id='word_1_278' title='bbox 1004 3737 1160 3811; x_wconf 80' lang='lat' dir='ltr'><strong>formulis,</strong></span> <span class='ocrx_word' id='word_1_279' title='bbox 1175 3739 1311 3802; x_wconf 89' lang='lat' dir='ltr'><strong>abanan</strong></span> <span class='ocrx_word' id='word_1_280' title='bbox 1323 3733 1506 3813; x_wconf 65' lang='lat' dir='ltr'><strong>anaema</strong></span> 
     </span>
     <span class='ocr_line' id='line_1_40' title="bbox 381 3821 1505 3908; baseline 0.002 -22"><span class='ocrx_word' id='word_1_281' title='bbox 381 3821 421 3888; x_wconf 94' lang='lat' dir='ltr'><strong>do</strong></span> <span class='ocrx_word' id='word_1_282' title='bbox 432 3825 611 3903; x_wconf 89' lang='lat' dir='ltr'><strong>petitionis,</strong></span> <span class='ocrx_word' id='word_1_283' title='bbox 629 3825 724 3890; x_wconf 92' lang='lat' dir='ltr'><strong>moda</strong></span> <span class='ocrx_word' id='word_1_284' title='bbox 743 3828 901 3892; x_wconf 91' lang='lat' dir='ltr'><strong>minarum</strong></span> <span class='ocrx_word' id='word_1_285' title='bbox 917 3827 1028 3907; x_wconf 88' lang='lat' dir='ltr'><strong>specie</strong></span> <span class='ocrx_word' id='word_1_286' title='bbox 1038 3827 1213 3908; x_wconf 77' lang='lat' dir='ltr'><strong>agitantur.</strong></span> <span class='ocrx_word' id='word_1_287' title='bbox 1231 3825 1292 3890; x_wconf 91' lang='lat' dir='ltr'><strong>Sed</strong></span> <span class='ocrx_word' id='word_1_288' title='bbox 1308 3842 1407 3890; x_wconf 91' lang='lat' dir='ltr'><strong>unum</strong></span> <span class='ocrx_word' id='word_1_289' title='bbox 1423 3826 1505 3890; x_wconf 89' lang='lat' dir='ltr'><strong>arti-</strong></span> 
     </span>
     <span class='ocr_line' id='line_1_41' title="bbox 382 3912 1504 3998; baseline 0.001 -24"><span class='ocrx_word' id='word_1_290' title='bbox 382 3912 448 3975; x_wconf 90' lang='lat' dir='ltr'><strong>licii</strong></span> <span class='ocrx_word' id='word_1_291' title='bbox 465 3930 606 3988; x_wconf 88' lang='lat' dir='ltr'><strong>movens,</strong></span> <span class='ocrx_word' id='word_1_292' title='bbox 623 3915 705 3996; x_wconf 90' lang='lat' dir='ltr'><strong>quod</strong></span> <span class='ocrx_word' id='word_1_293' title='bbox 726 3915 771 3980; x_wconf 91' lang='lat' dir='ltr'><strong>ita</strong></span> <span class='ocrx_word' id='word_1_294' title='bbox 788 3916 868 3980; x_wconf 88' lang='lat' dir='ltr'><strong>verti</strong></span> <span class='ocrx_word' id='word_1_295' title='bbox 884 3921 1003 3998; x_wconf 88' lang='lat' dir='ltr'><strong>potest:</strong></span> <span class='ocrx_word' id='word_1_296' title='bbox 1021 3917 1141 3997; x_wconf 87' lang='lat' dir='ltr'><strong>Regem</strong></span> <span class='ocrx_word' id='word_1_297' title='bbox 1162 3915 1308 3978; x_wconf 89' lang='lat' dir='ltr'><strong>nolumus</strong></span> <span class='ocrx_word' id='word_1_298' title='bbox 1324 3914 1383 3977; x_wconf 84' lang='lat' dir='ltr'><strong>Dei</strong></span> <span class='ocrx_word' id='word_1_299' title='bbox 1397 3915 1504 3996; x_wconf 74' lang='lat' dir='ltr'><strong>gratia</strong></span> 
     </span>
     <span class='ocr_line' id='line_1_42' title="bbox 381 4001 1503 4085; baseline 0.002 -21"><span class='ocrx_word' id='word_1_300' title='bbox 381 4001 605 4077; x_wconf 89' lang='lat' dir='ltr'><strong>constitutum,</strong></span> <span class='ocrx_word' id='word_1_301' title='bbox 622 4003 675 4066; x_wconf 90' lang='lat' dir='ltr'><strong>scd</strong></span> <span class='ocrx_word' id='word_1_302' title='bbox 691 4003 859 4070; x_wconf 87' lang='lat' dir='ltr'><strong>delectosa</strong></span> <span class='ocrx_word' id='word_1_303' title='bbox 877 4003 967 4068; x_wconf 91' lang='lat' dir='ltr'><strong>nohis</strong></span> <span class='ocrx_word' id='word_1_304' title='bbox 979 4003 1136 4079; x_wconf 88' lang='lat' dir='ltr'><strong>homines,</strong></span> <span class='ocrx_word' id='word_1_305' title='bbox 1154 4003 1337 4085; x_wconf 82' lang='lat' dir='ltr'><strong>usquedum</strong></span> <span class='ocrx_word' id='word_1_306' title='bbox 1353 4001 1503 4084; x_wconf 89' lang='lat' dir='ltr'><strong>placeant</strong></span> 
     </span>
     <span class='ocr_line' id='line_1_43' title="bbox 382 4087 1506 4174; baseline 0.001 -22"><span class='ocrx_word' id='word_1_307' title='bbox 382 4088 487 4154; x_wconf 91' lang='lat' dir='ltr'><strong>nobis.</strong></span> <span class='ocrx_word' id='word_1_308' title='bbox 505 4087 603 4171; x_wconf 82' lang='lat' dir='ltr'><strong>Ergo,</strong></span> <span class='ocrx_word' id='word_1_309' title='bbox 622 4091 726 4154; x_wconf 90' lang='lat' dir='ltr'><strong>nullus</strong></span> <span class='ocrx_word' id='word_1_310' title='bbox 741 4089 808 4157; x_wconf 83' lang='lat' dir='ltr'><strong>rexi</strong></span> <span class='ocrx_word' id='word_1_311' title='bbox 824 4092 882 4156; x_wconf 85' lang='lat' dir='ltr'><strong>Vel</strong></span> <span class='ocrx_word' id='word_1_312' title='bbox 895 4094 922 4156; x_wconf 91' lang='lat' dir='ltr'><strong>si</strong></span> <span class='ocrx_word' id='word_1_313' title='bbox 939 4111 1004 4156; x_wconf 90' lang='lat' dir='ltr'><strong>nno</strong></span> <span class='ocrx_word' id='word_1_314' title='bbox 1020 4093 1210 4174; x_wconf 85' lang='lat' dir='ltr'><strong>indigemus,</strong></span> <span class='ocrx_word' id='word_1_315' title='bbox 1220 4091 1373 4172; x_wconf 89' lang='lat' dir='ltr'><strong>delegatis</strong></span> <span class='ocrx_word' id='word_1_316' title='bbox 1387 4091 1506 4155; x_wconf 84' lang='lat' dir='ltr'><strong>nostris</strong></span> 
     </span>
     <span class='ocr_line' id='line_1_44' title="bbox 382 4178 1504 4262; baseline 0.001 -21"><span class='ocrx_word' id='word_1_317' title='bbox 382 4178 437 4242; x_wconf 91' lang='lat' dir='ltr'><strong>ille</strong></span> <span class='ocrx_word' id='word_1_318' title='bbox 453 4178 655 4262; x_wconf 89' lang='lat' dir='ltr'><strong>obsequatur,</strong></span> <span class='ocrx_word' id='word_1_319' title='bbox 666 4180 701 4243; x_wconf 92' lang='lat' dir='ltr'><strong>hi</strong></span> <span class='ocrx_word' id='word_1_320' title='bbox 713 4187 819 4247; x_wconf 89' lang='lat' dir='ltr'><strong>autem</strong></span> <span class='ocrx_word' id='word_1_321' title='bbox 833 4181 936 4245; x_wconf 90' lang='lat' dir='ltr'><strong>nobis.</strong></span> <span class='ocrx_word' id='word_1_322' title='bbox 950 4181 1142 4246; x_wconf 89' lang='lat' dir='ltr'><strong>Societatem</strong></span> <span class='ocrx_word' id='word_1_323' title='bbox 1154 4179 1427 4259; x_wconf 63' lang='lat' dir='ltr'><strong>communiaque</strong></span> <span class='ocrx_word' id='word_1_324' title='bbox 1441 4196 1504 4242; x_wconf 92' lang='lat' dir='ltr'><strong>nan</strong></span> 
     </span>
     <span class='ocr_line' id='line_1_45' title="bbox 382 4267 1504 4352; baseline -0.003 -20"><span class='ocrx_word' id='word_1_325' title='bbox 382 4267 442 4332; x_wconf 87' lang='lat' dir='ltr'><strong>Dei</strong></span> <span class='ocrx_word' id='word_1_326' title='bbox 459 4268 606 4333; x_wconf 88' lang='lat' dir='ltr'><strong>mandata</strong></span> <span class='ocrx_word' id='word_1_327' title='bbox 618 4268 836 4344; x_wconf 89' lang='lat' dir='ltr'><strong>dominentur,</strong></span> <span class='ocrx_word' id='word_1_328' title='bbox 852 4271 905 4335; x_wconf 89' lang='lat' dir='ltr'><strong>sed</strong></span> <span class='ocrx_word' id='word_1_329' title='bbox 918 4273 1038 4333; x_wconf 87' lang='lat' dir='ltr'><strong>nostra:</strong></span> <span class='ocrx_word' id='word_1_330' title='bbox 1054 4269 1180 4334; x_wconf 82' lang='lat' dir='ltr'><strong>videant</strong></span> <span class='ocrx_word' id='word_1_331' title='bbox 1191 4268 1312 4352; x_wconf 90' lang='lat' dir='ltr'><strong>sponsi,</strong></span> <span class='ocrx_word' id='word_1_332' title='bbox 1323 4285 1381 4331; x_wconf 89' lang='lat' dir='ltr'><strong>nec</strong></span> <span class='ocrx_word' id='word_1_333' title='bbox 1395 4273 1504 4332; x_wconf 89' lang='lat' dir='ltr'><strong>nostra</strong></span> 
     </span>
     <span class='ocr_line' id='line_1_46' title="bbox 382 4355 1502 4440; baseline -0.001 -22"><span class='ocrx_word' id='word_1_334' title='bbox 382 4357 494 4430; x_wconf 84' lang='lat' dir='ltr'><strong>refert,</strong></span> <span class='ocrx_word' id='word_1_335' title='bbox 514 4373 554 4419; x_wconf 94' lang='lat' dir='ltr'><strong>ne</strong></span> <span class='ocrx_word' id='word_1_336' title='bbox 568 4357 666 4421; x_wconf 90' lang='lat' dir='ltr'><strong>homo</strong></span> <span class='ocrx_word' id='word_1_337' title='bbox 682 4375 747 4422; x_wconf 93' lang='lat' dir='ltr'><strong>nan</strong></span> <span class='ocrx_word' id='word_1_338' title='bbox 763 4364 890 4439; x_wconf 87' lang='lat' dir='ltr'><strong>separet</strong></span> <span class='ocrx_word' id='word_1_339' title='bbox 904 4358 988 4440; x_wconf 87' lang='lat' dir='ltr'><strong>quad</strong></span> <span class='ocrx_word' id='word_1_340' title='bbox 999 4358 1083 4422; x_wconf 87' lang='lat' dir='ltr'><strong>Deus</strong></span> <span class='ocrx_word' id='word_1_341' title='bbox 1093 4358 1273 4423; x_wconf 85' lang='lat' dir='ltr'><strong>coniunxit.</strong></span> <span class='ocrx_word' id='word_1_342' title='bbox 1287 4355 1502 4422; x_wconf 84' lang='lat' dir='ltr'><strong>Constitutio-</strong></span> 
     </span>
     <span class='ocr_line' id='line_1_47' title="bbox 383 4443 1504 4530; baseline 0.001 -23"><span class='ocrx_word' id='word_1_343' title='bbox 383 4463 455 4509; x_wconf 90' lang='lat' dir='ltr'><strong>ncm</strong></span> <span class='ocrx_word' id='word_1_344' title='bbox 469 4443 680 4510; x_wconf 89' lang='lat' dir='ltr'><strong>nolumusDei</strong></span> <span class='ocrx_word' id='word_1_345' title='bbox 692 4447 793 4525; x_wconf 91' lang='lat' dir='ltr'><strong>gratia</strong></span> <span class='ocrx_word' id='word_1_346' title='bbox 806 4447 960 4525; x_wconf 91' lang='lat' dir='ltr'><strong>genitam,</strong></span> <span class='ocrx_word' id='word_1_347' title='bbox 970 4445 1024 4510; x_wconf 90' lang='lat' dir='ltr'><strong>sed</strong></span> <span class='ocrx_word' id='word_1_348' title='bbox 1036 4463 1116 4530; x_wconf 87' lang='lat' dir='ltr'><strong>qaae</strong></span> <span class='ocrx_word' id='word_1_349' title='bbox 1127 4446 1283 4512; x_wconf 79' lang='lat' dir='ltr'><strong>exclusive</strong></span> <span class='ocrx_word' id='word_1_350' title='bbox 1291 4463 1369 4527; x_wconf 90' lang='lat' dir='ltr'><strong>opas</strong></span> <span class='ocrx_word' id='word_1_351' title='bbox 1380 4445 1425 4510; x_wconf 88' lang='lat' dir='ltr'><strong>sit</strong></span> <span class='ocrx_word' id='word_1_352' title='bbox 1437 4460 1504 4508; x_wconf 86' lang='lat' dir='ltr'><strong>ma-</strong></span> 
     </span>
     <span class='ocr_line' id='line_1_48' title="bbox 382 4533 1501 4616; baseline 0.008 -22"><span class='ocrx_word' id='word_1_353' title='bbox 382 4551 480 4597; x_wconf 90' lang='lat' dir='ltr'><strong>nuum</strong></span> <span class='ocrx_word' id='word_1_354' title='bbox 504 4540 695 4602; x_wconf 86' lang='lat' dir='ltr'><strong>nostrarum.</strong></span> <span class='ocrx_word' id='word_1_355' title='bbox 715 4535 762 4600; x_wconf 84' lang='lat' dir='ltr'><strong>Ex</strong></span> <span class='ocrx_word' id='word_1_356' title='bbox 779 4534 836 4600; x_wconf 87' lang='lat' dir='ltr'><strong>Dei</strong></span> <span class='ocrx_word' id='word_1_357' title='bbox 853 4535 986 4600; x_wconf 91' lang='lat' dir='ltr'><strong>consilio</strong></span> <span class='ocrx_word' id='word_1_358' title='bbox 1003 4551 1100 4616; x_wconf 90' lang='lat' dir='ltr'><strong>regna</strong></span> <span class='ocrx_word' id='word_1_359' title='bbox 1116 4541 1148 4600; x_wconf 93' lang='lat' dir='ltr'><strong>et</strong></span> <span class='ocrx_word' id='word_1_360' title='bbox 1164 4534 1311 4600; x_wconf 88' lang='lat' dir='ltr'><strong>nationes</strong></span> <span class='ocrx_word' id='word_1_361' title='bbox 1333 4533 1501 4602; x_wconf 83' lang='lat' dir='ltr'><strong>constitui,</strong></span> 
     </span>
    </p>
   </div>
   <div class='ocr_carea' id='block_1_3' title="bbox 0 0 1618 5280">
    <p class='ocr_par' dir='ltr' id='par_1_12' title="bbox 0 0 1618 5280">
     <span class='ocr_line' id='line_1_49' title="bbox 0 0 1618 5280; baseline 0 0"><span class='ocrx_word' id='word_1_362' title='bbox 0 0 1618 5280; x_wconf 95' lang='lat' dir='ltr'><strong> </strong></span> 
     </span>
    </p>
   </div>
  </div>
 </body>
</html>
