3238 5282
437 326 502 394 200
848 385 853 394 .
871 344 1018 398 urana-rr.

166 501 189 570 l)
204 500 287 573 tog,
314 497 366 555 loc.
391 491 432 555 ri:
451 503 519 558 non
535 507 695 564 aorrrnnu
711 507 847 570 norror,
871 511 934 560 sun
947 507 1108 561 nmine!
1123 498 1238 558 breona
1256 488 1306 574 l).
1326 514 1343 554 s
1364 492 1426 568 En,
1441 513 1520 576 cnm

142 576 189 646 cil,
210 579 241 630 15

163 761 271 834 atrata.

165 1218 191 1288 a)
207 1215 273 1272 roro.

162 1560 190 1632 ⁴)
206 1563 287 1639 roto,
308 1565 350 1620 lo.

389 580 526 645 obnoxia
550 581 714 657 servitute,
732 582 904 648 exscissam
914 580 1056 647 <omnem
1078 579 1280 664 tyrannicum
1298 581 1516 649 dominatum.

392 691 410 730 a
429 669 537 734 Prima
549 688 638 753 ergo,
652 670 825 748 concludit,
837 672 1001 738 servitutis
1015 687 1122 736 caussa
1138 674 1299 752 peccabam
1317 676 1378 736 cst:
1397 691 1519 738 nomen

392 758 477 824 istud
490 759 582 842 culpa
602 761 733 842 meruit,
753 778 817 825 non
838 765 950 826 natura
966 758 1010 842 2).
1031 760 1123 824 »Est
1138 763 1245 823 tamen
1260 759 1343 824 bona
1362 763 1519 844 quaedam

391 847 538 923 servitus,
560 848 755 919 mercenaria
771 849 923 916 nimirum
946 853 979 915 et
999 848 1143 930 politica,
1163 847 1203 912 de
1221 865 1282 932 qua
1302 850 1517 930 Augustinus:

394 957 415 1012 a,
429 936 550 1006 terror
564 943 597 1004 et
612 938 754 1020 poenalis
768 940 953 1004 servitusea
965 937 1033 1019 lege
1046 933 1224 1011 ordinatur,
1241 955 1321 1021 quae
1336 941 1518 1004 naturalem

392 1026 539 1092 ordinem
550 1027 731 1092 conservari
743 1028 842 1103 iubet,
857 1027 1039 1111 perturbari
1050 1031 1179 1092 vetat...
1191 1027 1441 1096 doncctranseat
1452 1029 1515 1093 ini·

393 1115 509 1197 quites,
523 1121 557 1182 et
567 1123 736 1181 evacuetur
746 1117 851 1182 omnis
862 1116 1059 1199 principatus
1070 1120 1103 1180 et
1114 1119 1251 1196 potestas
1262 1115 1412 1190 bumana,
1427 1119 1516 1183 alsit

394 1203 478 1268 Dens
492 1205 601 1269 omnia
612 1206 647 1270 in
662 1207 809 1270 omnibns
823 1205 867 1289 3).
884 1229 901 1267 »
918 1205 982 1284 Qui
995 1221 1070 1270 vero
1087 1204 1263 1285 antiquitus
1278 1204 1406 1270 iuemnt
1422 1207 1513 1280 iusti,

393 1291 440 1356 ita
456 1291 633 1358 babuemnt
648 1303 754 1360 servos
769 1301 837 1362 ut«
850 1295 997 1359 omnibus
1008 1293 1120 1358 domus
1134 1309 1208 1358 suae
1220 1291 1372 1358 membris
1385 1296 1458 1375 pari
1467 1297 1516 1359 di-

394 1379 530 1446 lectione
545 1382 758 1449 consulerent:
775 1384 859 1467 qnod
877 1381 1030 1468 naturalis
1040 1382 1121 1447 ordo
1133 1382 1178 1447 ita
1191 1381 1392 1464 praescribit,
1408 1389 1445 1448 nt
1459 1403 1516 1448 no-

393 1487 466 1535 men
482 1469 840 1553 palmmlamiliaslninc
853 1477 1000 1538 exortum
1012 1471 1068 1545 sit,
1083 1475 1116 1536 ct
1127 1475 1193 1536 lam
1209 1471 1273 1536 late
1287 1471 1464 1552 vulgatum,
1478 1481 1515 1538 ut

392 1559 501 1642 inique
517 1562 615 1626 eliam
627 1561 827 1629 dominantes
842 1563 901 1626 hoc
913 1578 946 1625 sc
958 1561 1114 1642 gaudeant
1130 1558 1281 1642 appellari
1296 1556 1339 1642 l).
1360 1583 1378 1622 s
1394 1561 1457 1626 Sed
1475 1581 1514 1626 ne

394 1649 466 1730 quis
479 1650 661 1715 consulendi
674 1652 845 1726 sententia,
863 1667 944 1733 quae
958 1649 997 1713 ad
1013 1649 1199 1730 imperantis
1214 1649 1352 1728 relertur
1366 1665 1514 1716 manue

393 1738 549 1814 tudinem,
567 1740 671 1821 ipsum
689 1746 846 1814 everteret
860 1739 1044 1820 imperium,
1061 1737 1109 1802 sic
1121 1739 1287 1802 coercendi
1302 1737 1444 1803 declarat
1459 1758 1515 1820 pn

392 1831 553 1894 testatem:
568 1849 585 1886 n
599 1829 634 1894 si
645 1829 716 1910 quis
732 1829 888 1914 antemio
905 1829 1000 1892 domo
1014 1843 1074 1908 per
1089 1827 1350 1901 inobedientiam,
1360 1826 1514 1893 domesti-

393 1933 449 1978 cae
463 1916 533 1997 paci
548 1915 742 1988 adversatur,
756 1918 941 2002 corripitur,
953 1935 1009 1980 seu
1024 1917 1130 1990 verbo,
1145 1933 1200 1978 seu
1212 1917 1353 1988 verbere,
1367 1933 1425 1980 seu
1436 1936 1514 1999 quo-

273 2021 276 2030 ‘
394 2002 472 2069 libet
486 2005 550 2069 alio
566 2023 682 2086 genere
697 2025 817 2088 poenae
830 2009 913 2076 iusto
925 2011 1019 2088 atque
1033 2005 1135 2078 licito,
1149 2008 1302 2087 quantum
1313 2004 1451 2070 societas
1458 2007 1514 2071 bu-

395 2109 488 2156 mana
499 2094 656 2158 concedit:
668 2113 725 2176 pro
738 2095 805 2159 eius
816 2096 870 2177 qui
882 2095 1055 2176 corripitur
1065 2094 1218 2166 utilitate,
1228 2097 1264 2157 ul
1274 2092 1344 2176 paci
1356 2093 1441 2159 unde
1452 2095 1515 2160 dis·

392 2181 522 2246 siluerat
536 2186 714 2264 coaptetur.
732 2183 822 2250 Sicut
832 2184 918 2264 enim
932 2202 994 2249 non
1010 2188 1059 2248 est
1078 2182 1316 2255 beneficentiae,
1338 2181 1513 2249 adiuvando

383 2269 518 2335 edicere
532 2276 568 2335 ut
579 2272 696 2336 bonum
708 2273 792 2353 quod
804 2276 905 2337 mains
920 2278 968 2339 est
979 2273 1156 2346 amittatur,
1166 2271 1212 2335 ita
1227 2289 1288 2336 non
1300 2276 1349 2336 est
1360 2271 1514 2338 innocen-

395 2358 471 2434 tiae,
479 2359 634 2441 parcendo
645 2362 761 2436 sinere,
770 2367 805 2428 ut
816 2363 850 2425 in
860 2365 976 2428 malum
988 2363 1113 2443 gravius
1125 2360 1293 2424 incidatur.
1305 2360 1454 2427 Pertinet
1465 2381 1515 2426 er-

393 2464 433 2528 go
450 2448 489 2512 ad
504 2448 685 2514 innocentis
698 2451 850 2526 cilicium,
861 2470 924 2524 non
937 2451 1040 2515 solum
1053 2449 1174 2514 nemini
1186 2448 1304 2514 malum
1317 2449 1452 2524 inferre,
1465 2470 1514 2516 ve·

393 2555 463 2600 mm
479 2537 576 2603 ctiam
591 2539 765 2604 cobiberea
781 2533 924 2624 peccalo,
938 2541 986 2606 vel
1003 2539 1117 2621 punire
1132 2541 1308 2621 peccalum:
1321 2543 1358 2603 ut
1373 2543 1432 2604 aut
1447 2541 1514 2622 ipse

390 2625 445 2706 qui
462 2626 626 2708 plectitur,
639 2628 818 2711 corrigatur
828 2629 1058 2712 experimento,
1072 2635 1126 2692 nul
1141 2627 1197 2691 alii
1213 2631 1396 2692 terreantur
1406 2646 1514 2694 exern

389 2712 499 2798 ploti).
513 2716 631 2797 »Quae
645 2735 718 2782 urm
733 2717 772 2782 de
787 2718 959 2783 domestica
974 2718 1159 2800 praesertim
1171 2715 1322 2780 societate
1337 2715 1511 2792 dictasinl;

388 2802 499 2868 domus
511 2810 615 2870 antem
624 2807 755 2872 initium
767 2808 833 2872 sive
845 2806 1000 2890 particula
1012 2807 1054 2872 sit
1066 2807 1218 2878 civitatis:
1230 2809 1263 2869 et
1273 2822 1369 2870 omne
1381 2806 1512 2872 initium

387 2891 426 2956 ad
442 2893 579 2975 aliquem
593 2895 643 2959 sui
655 2897 779 2978 generis
795 2897 904 2970 linem,
915 2895 1060 2961 etomnis
1072 2911 1145 2976 pars
1157 2895 1197 2959 ad
1205 2893 1357 2968 universi,
1367 2894 1457 2960 cuins
1465 2902 1513 2959 est

386 2994 470 3063 pars,
488 2982 707 3064 integritatem
721 2984 890 3050 referatur:
901 2984 978 3049 binc
989 2985 1088 3049 inlert
1100 2983 1308 3064 Augustinus,
1326 2982 1472 3048 familiae
1487 2984 1513 3048 i-

386 3070 545 3152 maginem
561 3075 745 3139 servandam
760 3091 828 3138 esse
848 3076 881 3139 in
898 3073 1031 3155 politico
1048 3073 1242 3155 principatu,
1262 3077 1295 3137 et
1309 3071 1509 3138 referendam

381 3175 451 3224 csse
466 3160 657 3226 familiarem
672 3163 910 3227 ordinationem
930 3163 970 3226 ad
984 3161 1102 3227 civium
1117 3159 1319 3239 concordiam
1335 3166 1368 3226 et
1384 3177 1508 3242 pacem.

474 3249 537 3328 Qui
554 3251 588 3314 in
604 3250 655 3316 his
670 3269 734 3315 non
747 3251 851 3315 videat
862 3256 1055 3318 restauratae
1065 3249 1229 3316 societatis
1239 3247 1400 3330 integrum
1411 3256 1509 3333 syste-

383 3354 435 3400 ma
450 3340 483 3402 et
498 3339 670 3421 exemplar,
689 3340 770 3404 nihil
785 3339 878 3422 plane
894 3339 991 3405 videt.
1158 3399 1161 3404 .

473 3427 566 3492 xxl.
581 3428 842 3494 Eademaliorum
850 3428 1009 3493 Ecclesiae
1017 3429 1147 3494 Patrum
1157 3444 1245 3491 mens
1255 3431 1289 3492 et
1301 3426 1441 3508 loquela.
1450 3426 1507 3493 Sed

385 3512 461 3576 baec
476 3530 586 3577 eornm
604 3517 789 3596 prudentia:
807 3522 843 3582 nt
857 3534 929 3581 cum
944 3517 1080 3601 populos
1094 3516 1311 3592 instituerent,
1329 3521 1510 3580 mansuetu·

383 3601 491 3666 dinem
506 3607 540 3666 at
551 3603 778 3680 obedientiam,
792 3623 865 3670 cum
876 3623 951 3671 vero
964 3606 1154 3690 populorum
1166 3609 1302 3670 rectores
1313 3604 1509 3687 alloqueren-

385 3694 450 3762 tur,
469 3689 517 3754 vel
533 3695 663 3760 naturae
679 3694 748 3758 iura
763 3694 982 3778 philosophice
1002 3695 1185 3766 delinirent,
1205 3693 1305 3760 libero
1319 3693 1444 3758 calamo
1460 3711 1509 3758 ae-

384 3777 571 3858 qualitatem
587 3785 619 3846 et
633 3781 867 3850 iratarnitatem
883 3789 1047 3865 urgerent,
1065 3782 1244 3865 imperandi
1255 3782 1324 3847 iura
1341 3782 1381 3846 ad
1398 3799 1509 3846 consu-

386 3865 470 3929 lendi
487 3883 523 3931 ac
539 3869 724 3950 procidendi
738 3872 839 3936 officia
856 3873 1045 3953 redigentes.
1060 3872 1181 3951 Quibus
1200 3869 1359 3937 contraria
1375 3887 1416 3935 ex
1431 3872 1508 3937 inla·

384 3971 442 4035 gro
457 3956 680 4023 seditiosorum
696 3976 747 4024 ars
761 3965 794 4026 et
809 3962 1014 4035 consuetudo,
1023 3961 1208 4044 populorum
1220 3961 1347 4024 auribus
1357 3962 1507 4026 continuo

383 4044 546 4110 servitutis
561 4063 597 4112 ac
612 4048 788 4131 tyrannidis
803 4050 911 4114 odiosa
927 4051 1057 4114 nominc
1072 4049 1325 4114 inclamantium.
1340 4050 1425 4114 ilinc
1437 4069 1507 4116 con

385 4133 475 4198 trarii
490 4152 530 4199 ex
545 4140 676 4221 unaque
692 4142 783 4218 parte
798 4139 926 4204 allectus
942 4139 1137 4203 oriebantur:
1155 4138 1203 4202 illi
1217 4139 1419 4213 servitutem,
1442 4158 1506 4203 sen·

383 4222 445 4287 sim
460 4223 528 4289 sine
544 4243 648 4305 sensu,
664 4228 749 4291 nulla
764 4227 943 4298 vehementi
958 4227 1121 4294 societatis
1134 4226 1362 4302 concitatione,
1377 4245 1395 4292 a
1412 4228 1506 4292 mori-

385 4312 454 4392 bus,
471 4329 493 4388 a,
506 4313 637 4396 legibus,
657 4316 756 4379 aiure
771 4317 915 4397 gentium
930 4317 1131 4398 expulemnt;
1150 4315 1184 4380 lri
1199 4333 1239 4381 ex
1254 4318 1396 4391 adverso,
1408 4334 1506 4398 popu·

386 4401 432 4464 los
445 4400 526 4474 laisa¹
534 4405 723 4485 aequalitate
731 4420 766 4466 ac
777 4405 923 4470 libertate
930 4406 1138 4488 decipientes,
1148 4403 1331 4470 societatem
1344 4398 1433 4488 quasi
1445 4423 1506 4470 ma-

251 4525 255 4538 ·
385 4508 421 4554 re
436 4489 561 4563 fervens
575 4491 803 4573 agitationibus
817 4497 850 4557 et
865 4493 1026 4559 doloribus
1041 4498 1256 4559 commovent.
