3228 5280
491 325 493 329 ·
602 313 737 364 rvrucns
752 315 824 366 xrv.
1160 296 1224 364 335

151 462 261 543 ligitur
276 477 315 524 ex
330 460 441 525 Tacito
458 459 497 543 l).
511 462 670 542 Tuncque,
687 462 808 544 legibus
818 462 932 527 trustra
943 462 1180 542 obsistentibus,
1195 483 1263 531 mu·
1313 483 1508 560 viennatpv.

150 553 263 615 lierum
276 551 370 613 simul
383 550 560 631 captivitas,
571 557 604 615 et
617 552 755 630 licentia,
768 553 1263 635 etimmanitaseruperant.Con·
1288 559 1329 612 ¹6·

149 639 361 706 iurationibus
373 645 406 704 et
421 639 630 704 seditionibus
644 640 786 718 aderant,
806 647 840 706 ut
853 641 1038 723 Sempronia
1049 642 1215 722 Catilinam
1230 663 1263 710 a·

150 730 264 813 liisque
280 729 381 797 tristis
396 728 450 793 ille
465 729 622 804 utebatur,
640 747 719 810 quae
735 733 868 796 Romam
884 731 1100 805 incenderent,
1118 738 1151 795 et
1167 737 1263 800 mari·

148 827 198 885 tos
214 821 441 886 obtruncarent
457 817 500 903 2).
519 815 640 883 Retulit
655 817 790 884 Caecina
806 821 839 883 in
857 819 988 885 Senatu:
1006 840 1024 879 a
1042 819 1197 899 Quotiens
1214 843 1264 890 ra·
1285 828 1310 901 tl
1325 831 1512 907 Sallust.,co-

148 911 358 991 petundarum
378 906 477 989 aliqui
492 913 710 987 arguerentur,
725 909 824 988 plura
838 909 993 974 amoribus
1009 909 1154 974 obiectari
1175 911 1218 998 3).
1243 937 1261 977 »
1282 905 1374 977 tilla,
1387 913 1433 966 25.

148 998 284 1064 Centum
300 997 511 1077 septuaginta,
530 995 658 1062 sublatis
675 1015 794 1062 veneno
810 997 947 1073 maritis,
965 999 1139 1076 damnatas,
1155 1008 1263 1068 narrat
1294 983 1319 1053 3)
1330 983 1510 1043 Tlfflmlal·

150 1088 298 1153 Valerius
310 1086 467 1158 Maximus
481 1083 525 1170 ll).
543 1086 628 1152 Haec
643 1089 748 1150 autem
764 1087 884 1153 fiebant
898 1104 969 1151 cum
985 1087 1175 1154 feminarum
1192 1092 1263 1157 illu·
1284 1060 1396 1200 1141ῑῇ
1420 1137 1445 1192 ll

147 1177 260 1242 strium
276 1179 392 1260 plures,
411 1174 458 1238 vel
473 1193 546 1240 cunr
561 1176 670 1250 servis,
683 1175 731 1238 vel
744 1191 938 1257 permenam
952 1176 1084 1252 foedari,
1099 1196 1163 1242 non
1176 1181 1263 1246 dedi·
1285 1209 1333 1266 χῃ
1364 1151 1406 1265 1³5⁰.
1446 1153 1509 1210 ³⁸*

148 1268 327 1346 gnabantur
339 1263 381 1348 5);
392 1283 463 1329 cum
475 1263 613 1336 Clodius,
625 1262 1024 1329 nobilissimismulieribus
1036 1265 1263 1336 iudicibustra·
1295 1249 1507 1355 stlacxaaal.
1569 1277 1573 1283 '

149 1356 239 1429 ditis,
257 1355 486 1422 absolvebatur.
505 1352 640 1434 Legibus
655 1353 781 1434 quidem
798 1353 958 1434 agebatur,
976 1355 1030 1418 sed
1047 1354 1163 1420 lrustra
1181 1379 1198 1419 a
1215 1379 1264 1424 se-
1285 1360 1505 1430 xll,5a;xv,3a.

151 1450 242 1509 natus
258 1444 393 1511 decretis
416 1443 520 1507 libido
540 1442 728 1506 laminarum
751 1444 889 1507 coercita
906 1442 949 1524 6);
971 1467 988 1504 »
1006 1443 1093 1518 dum,
1113 1463 1260 1512 unacum
1295 1436 1320 1504 (ἢ
1341 1434 1509 1508 ldmnvot,

148 1535 347 1599 matrimonii
364 1532 545 1606 sanctitate,
564 1531 753 1594 laminarum
772 1533 884 1611 pudor,
902 1532 1020 1595 amoris
1032 1533 1156 1614 religio,
1172 1538 1264 1601 etia·
1285 1511 1319 1580 ¹¹²
1337 1512 1381 1565 35.

147 1621 307 1687 miliarum
323 1625 416 1688 decus
428 1624 626 1685 exaruerant.
644 1619 727 1684 Vere
738 1637 810 1682 cum
824 1619 903 1683 nihil
916 1619 958 1684 sit
971 1621 1101 1686 muliere
1113 1622 1263 1690 affectuo-

148 1712 213 1788 sius
228 1718 260 1777 et
275 1712 439 1776 sublimius
454 1711 479 1772 si
497 1727 552 1773 cor
567 1709 634 1772 eius
650 1708 854 1789 religioneet
869 1709 1021 1791 pudicitia
1037 1711 1161 1788 floreat,
1181 1715 1260 1779 nihil

148 1806 291 1866 econtra
308 1802 405 1866 terius
421 1799 467 1864 vel
485 1795 701 1862 execrabilius.

236 1890 293 1954 lV.
305 1889 445 1956 Ecclesia
458 1895 585 1969 arrepta
598 1885 971 1967 originalietevangelica
981 1889 1260 1966 matrimoniicon-

145 1979 326 2054 stitutione,
341 1976 528 2061 pudicitiam
542 1994 615 2040 cum
633 1973 789 2056 religione
801 1974 902 2038 amice
917 1979 1163 2056 consociaverat,
1183 2001 1262 2064 quae

146 2087 305 2150 nunquam
321 2069 518 2135 divellentur.
535 2063 626 2128 Solus
638 2083 708 2128 cum
720 2065 799 2128 solo:
810 2081 850 2126 en
866 2065 977 2146 pudica
993 2068 1153 2149 coniugia,
1171 2091 1187 2130 a
1201 2073 1261 2136 Ec·
1288 2113 1289 2118 η

144 2158 238 2221 clesia
255 2159 418 2232 conciliat,
436 2157 482 2221 ait
497 2153 716 2228 Tertullianus,
741 2159 777 2235 et
789 2154 958 2218 confirmat
979 2155 1111 2231 oblatio,
1129 2164 1162 2224 et
1178 2161 1261 2224 obsi-

144 2253 221 2325 gnat
239 2246 426 2322 benedieti0;
442 2244 546 2324 angeli
559 2243 755 2320 renuntiant,
771 2243 865 2306 Pater
877 2249 946 2308 rato
959 2243 1052 2310 habet
1064 2246 1109 2330 lp:
1126 2271 1143 2309 »
1157 2267 1196 2312 en
1209 2269 1259 2314 re·
1299 2247 1507 2328 ‘platalea

144 2334 296 2416 ligionem
312 2354 391 2417 quae
414 2333 555 2399 animum
579 2332 684 2396 evehit
704 2331 887 2405 luceolum,
906 2336 999 2414 atque
1019 2335 1054 2398 in
1071 2337 1254 2418 angelorum
1286 2323 1376 2379 Uror.
1398 2351 1435 2410 ’τ’
1463 2326 1503 2379 Cf·

143 2425 230 2489 curia
244 2426 393 2490 describit
405 2427 645 2488 sacramentum.
657 2420 716 2486 Sed
729 2437 767 2483 en
782 2420 945 2484 mulierem
958 2435 1038 2502 quae
1048 2441 1110 2488 non
1123 2429 1257 2510 amplius
1278 2399 1396 2530 35¹⁰ng
1410 2416 1433 2530 ff
1450 2398 1502 2529 ¹⁰3⁷·

145 2531 163 2576 a
180 2515 248 2579 viro
264 2515 382 2578 emitur
397 2513 446 2577 vel
461 2510 660 2582 conducitur,
679 2509 839 2572 vendenda
856 2509 973 2573 iterum
992 2518 1025 2576 et
1041 2512 1183 2590 locanda,
1202 2517 1255 2580 sed
1277 2566 1317 2604 m,
1331 2477 1410 2606 ⁰122?ss
1434 2516 1453 2546 '³
1490 2490 1504 2528 e

142 2604 191 2666 sui
204 2605 346 2686 corporis
358 2603 483 2668 tradens
496 2602 699 2680 potestatem,
711 2595 865 2677 paremio
878 2597 980 2661 virum
992 2602 1139 2680 acquirit:
1155 2625 1171 2662 a
1186 2607 1257 2670 Mu·
1317 2567 1336 2623 p

143 2691 202 2756 lier
216 2693 264 2756 sui
279 2693 422 2775 corporis
437 2693 626 2773 potestatem
644 2685 826 2760 nonhabet,
840 2685 966 2751 sedvir.
981 2688 1138 2754 Similiter
1150 2698 1256 2757 autem

143 2786 176 2845 et
192 2782 240 2846 vir
254 2782 304 2845 sui
319 2781 465 2863 corporis
476 2778 665 2861 potestatem
682 2774 865 2853 nonhabet,
880 2775 1115 2863 sedmulier8).
1133 2804 1149 2843 »
1164 2783 1255 2846 Paria
1297 2786 1322 2853 a)
1341 2790 1473 2848 Cartala.
1494 2832 1501 2861 ,

145 2869 219 2934 hinc
235 2870 309 2935 inde
325 2871 489 2943 imm-non
509 2865 632 2948 captiva
654 2863 708 2927 sed
728 2863 864 2945 aequalis
887 2866 968 2940 viro,
985 2885 1064 2948 quae
1088 2875 1135 2936 est
1152 2871 1254 2936 lutura
1277 2864 1334 2939 Vll,
1349 2867 1376 2922 4.

142 2960 411 3024 materfamiliae.
430 2956 583 3022 Panditur
606 2952 770 3035 templum,
793 2954 899 3034 sponsi
920 2957 1135 3036 poenitentiae
1151 2978 1254 3025 sacra·

141 3054 250 3112 mento
267 3049 444 3125 abluuntur,
463 3045 570 3110 divino
585 3044 669 3123 hgni
685 3059 816 3124 corpore
832 3042 1063 3121 refocillantur,
1082 3049 1119 3111 ad
1136 3048 1254 3114 Christi

140 3153 228 3201 aram
241 3142 424 3218 perpetuam
436 3135 494 3199 sibi
508 3134 602 3198 tidem
614 3138 647 3196 et
658 3131 850 3196 adiutorium
862 3134 1031 3213 spondent.
1047 3137 1110 3216 Qui
1123 3139 1196 3203 huic
1206 3139 1253 3202 di·

141 3223 215 3288 vino
227 3225 390 3290 ethnicum
406 3226 454 3291 vel
470 3223 562 3288 civile
578 3227 611 3286 ct
628 3221 769 3288 animale
794 3223 1034 3286 matrimonium
1056 3228 1251 3306 praeierunt,

140 3331 214 3377 vere
226 3315 377 3378 animales
389 3319 473 3387 sunt,
486 3329 547 3378 non
559 3310 770 3392 percipientes
779 3327 814 3374 ea
827 3321 987 3392 quaesunt
998 3313 1196 3392 spirltusllel
1207 3316 1249 3401 9).
1294 3318 1320 3392 ‘lt
1337 3319 1402 3377 lbid.
1413 3319 1447 3390 ll,
1457 3319 1497 3374 lt.

230 3403 272 3468 V.
290 3405 339 3468 lta
356 3399 722 3482 sanctificatam'inspice
738 3399 915 3464 mulierem.
934 3401 976 3467 Ut
993 3403 1074 3466 nihil
1091 3405 1128 3468 de
1145 3405 1254 3472 invisi·

141 3489 198 3554 bili
215 3493 317 3574 gratia
335 3491 509 3574 loquamur,
527 3507 607 3572 quae
629 3489 717 3552 illam
740 3488 779 3552 ad
795 3489 967 3554 maximum
983 3493 1108 3572 generis
1122 3493 1252 3560 humani

139 3582 336 3662 propagandi
350 3581 561 3645 ministerium
574 3577 724 3660 disponit,
740 3577 841 3642 virum
853 3579 1018 3645 electionis
1030 3600 1104 3647 suae
1116 3583 1170 3648 illa
1181 3586 1253 3649 uni-

139 3686 178 3731 co
196 3670 309 3735 affectu
324 3670 517 3752 diligendum
534 3667 677 3747 suscipit,
696 3683 840 3748 aquosa
859 3669 951 3732 unice
967 3670 1188 3738 redamandum
1204 3675 1253 3739 in-

139 3757 266 3838 telligit;
279 3758 358 3824 lilios
370 3777 494 3842 quoque
506 3756 699 3823 etfamiliam
711 3756 956 3837 perenniamore
965 3763 1252 3843 prosequitur,cum

140 3847 252 3926 quibus
267 3847 477 3914 indissolubili
495 3851 673 3914 naturae-et
689 3846 809 3927 gratiae
825 3845 949 3912 vinculo
966 3867 1000 3912 se
1017 3851 1104 3916 novit
1119 3854 1253 3918 coniun-

136 3939 234 4011 ctam,
252 3936 336 4002 inter
348 3939 432 4021 ipsos
448 3958 511 4003 non
528 3936 670 4019 captivae
683 3935 905 4018 ignominiam,
920 3938 972 4002 sed
984 3940 1094 4005 matris
1106 3943 1252 4011 obtinens

136 4023 340 4106 dignitatem.
355 4028 405 4091 hb
421 4028 546 4093 ethnica
561 4026 710 4108 egredere
721 4025 884 4100 societate,
900 4045 994 4109 quam
1007 4034 1041 4095 ut
1054 4033 1251 4109 prostitutio-

139 4113 188 4178 nis
201 4115 415 4179 habitaeulum
432 4117 562 4180 horrent
578 4117 637 4199 ipsi
654 4133 761 4179 earum
777 4115 919 4196 gentium
935 4119 1117 4198 scriptores,
1135 4125 1168 4185 et
1183 4139 1254 4185 sua-

137 4203 297 4268 vissimam
314 4204 443 4287 percipe
459 4204 649 4269 christianae
661 4205 804 4268 mulieris
818 4206 1075 4279 sanctimoniam,
1094 4225 1187 4290 quam
1200 4211 1254 4274 do-

134 4293 246 4358 scribil
261 4294 472 4359 Tertullianus
484 4291 546 4378 10).
558 4295 644 4358 Nova
662 4294 787 4367 mulier,
802 4312 882 4358 nova
899 4294 1031 4369 familia,
1049 4312 1146 4359 novus
1159 4315 1250 4366 mun·
1290 4309 1331 4382 tot
1343 4311 1502 4388 Tertul.‚de
1586 4296 1591 4300 ’

133 4382 190 4446 dus
203 4385 418 4449 exoriebatur.
434 4387 521 4450 lnter
533 4385 669 4448 veterem
682 4388 714 4445 et
728 4400 838 4448 novam
851 4383 911 4446 sibi
924 4385 957 4448 in
970 4402 1099 4448 uxorem
1111 4386 1250 4468 deligen-
1273 4389 1353 4446 calm
1363 4393 1473 4464 secvta.
1493 4433 1499 4461 ,

133 4473 219 4549 dam,
234 4474 306 4555 qrris
318 4473 473 4556 ambiget?
485 4473 534 4536 Ad
547 4472 637 4544 haec,
651 4470 890 4536 athelstaeanni
905 4471 1251 4555 1791,eommquena-
1276 4466 1308 4520 Η·

130 4566 234 4643 potes,
254 4563 393 4629 divinam
410 4563 491 4628 hanc
504 4560 837 4630 evertentesmulieris
848 4565 881 4626 et
894 4563 1034 4628 lamiliae
1046 4568 1250 4632 restauratio-
