<?xml version="1.0" encoding="UTF-8"?>
<!DOCTYPE html PUBLIC "-//W3C//DTD XHTML 1.0 Transitional//EN"
    "http://www.w3.org/TR/xhtml1/DTD/xhtml1-transitional.dtd">
<html xmlns="http://www.w3.org/1999/xhtml" xml:lang="en" lang="en">
 <head>
  <title>
</title>
<meta http-equiv="Content-Type" content="text/html;charset=utf-8" />
  <meta name='ocr-system' content='tesseract 3.04.00' />
  <meta name='ocr-capabilities' content='ocr_page ocr_carea ocr_par ocr_line ocrx_word'/>
</head>
<body>
  <div class='ocr_page' id='page_1' title='image "./iurisnaturaeetg01audigoog_0119.png"; bbox 0 0 3224 5282; ppageno 0'>
   <div class='ocr_carea' id='block_1_1' title="bbox 424 317 1005 384">
    <p class='ocr_par' dir='ltr' id='par_1_1' title="bbox 424 317 1005 384">
     <span class='ocr_line' id='line_1_1' title="bbox 424 317 1005 384; baseline -0.003 -2"><span class='ocrx_word' id='word_1_1' title='bbox 424 317 468 384; x_wconf 81' lang='lat'><strong>98</strong></span> <span class='ocrx_word' id='word_1_2' title='bbox 872 332 1005 382; x_wconf 78' lang='lat' dir='ltr'><strong>urrant.</strong></span> 
     </span>
    </p>
   </div>
   <div class='ocr_carea' id='block_1_2' title="bbox 378 471 1495 746">
    <p class='ocr_par' dir='ltr' id='par_1_2' title="bbox 378 471 1495 746">
     <span class='ocr_line' id='line_1_2' title="bbox 378 471 1494 567; baseline -0.008 -20"><span class='ocrx_word' id='word_1_3' title='bbox 378 484 419 547; x_wconf 76' lang='lat' dir='ltr'><strong>tle</strong></span> <span class='ocrx_word' id='word_1_4' title='bbox 435 479 618 547; x_wconf 88' lang='lat' dir='ltr'><strong>domlnatur</strong></span> <span class='ocrx_word' id='word_1_5' title='bbox 637 477 689 567; x_wconf 88' lang='lat' dir='ltr'><strong>(u).</strong></span> <span class='ocrx_word' id='word_1_6' title='bbox 708 478 792 562; x_wconf 89' lang='lat' dir='ltr'><strong>Lege</strong></span> <span class='ocrx_word' id='word_1_7' title='bbox 809 478 947 544; x_wconf 88' lang='lat' dir='ltr'><strong>librum:</strong></span> <span class='ocrx_word' id='word_1_8' title='bbox 967 477 1060 544; x_wconf 80' lang='lat' dir='ltr'><strong>Delie</strong></span> <span class='ocrx_word' id='word_1_9' title='bbox 1077 477 1296 546; x_wconf 73' lang='lat' dir='ltr'><strong>turonensem</strong></span> <span class='ocrx_word' id='word_1_10' title='bbox 1314 475 1362 542; x_wconf 79' lang='lat' dir='ltr'><strong>del</strong></span> <span class='ocrx_word' id='word_1_11' title='bbox 1381 471 1494 539; x_wconf 80' lang='lat' dir='ltr'><strong>Prote-</strong></span> 
     </span>
     <span class='ocr_line' id='line_1_3' title="bbox 381 563 1494 666; baseline -0.009 -30"><span class='ocrx_word' id='word_1_12' title='bbox 381 573 544 636; x_wconf 83' lang='lat' dir='ltr'><strong>stentismo</strong></span> <span class='ocrx_word' id='word_1_13' title='bbox 561 571 597 666; x_wconf 70' lang='lat' dir='ltr'><strong>in</strong></span> <span class='ocrx_word' id='word_1_14' title='bbox 616 568 726 634; x_wconf 84' lang='lat' dir='ltr'><strong>Italia.</strong></span> <span class='ocrx_word' id='word_1_15' title='bbox 742 567 783 634; x_wconf 85' lang='lat' dir='ltr'><strong>in</strong></span> <span class='ocrx_word' id='word_1_16' title='bbox 805 568 908 634; x_wconf 88' lang='lat' dir='ltr'><strong>diario</strong></span> <span class='ocrx_word' id='word_1_17' title='bbox 924 563 1211 650; x_wconf 67' lang='lat' dir='ltr'><strong>Mennim-Hernici</strong></span> <span class='ocrx_word' id='word_1_18' title='bbox 1229 566 1348 629; x_wconf 82' lang='lat' dir='ltr'>mensis</span> <span class='ocrx_word' id='word_1_19' title='bbox 1366 563 1494 645; x_wconf 76' lang='lat' dir='ltr'><strong>augusti</strong></span> 
     </span>
     <span class='ocr_line' id='line_1_4' title="bbox 381 653 1495 746; baseline -0.009 -22"><span class='ocrx_word' id='word_1_20' title='bbox 381 659 457 746; x_wconf 85' lang='lat' dir='ltr'><strong>anni</strong></span> <span class='ocrx_word' id='word_1_21' title='bbox 471 657 570 733; x_wconf 78' lang='lat'><strong>1851,</strong></span> <span class='ocrx_word' id='word_1_22' title='bbox 587 657 664 722; x_wconf 90' lang='lat' dir='ltr'><strong>bneo</strong></span> <span class='ocrx_word' id='word_1_23' title='bbox 678 656 884 723; x_wconf 84' lang='lat' dir='ltr'><strong>hebebontur:</strong></span> <span class='ocrx_word' id='word_1_24' title='bbox 903 675 921 716; x_wconf 85' lang='lat' dir='ltr'><strong>u</strong></span> <span class='ocrx_word' id='word_1_25' title='bbox 940 655 983 722; x_wconf 90' lang='lat' dir='ltr'><strong>Ut</strong></span> <span class='ocrx_word' id='word_1_26' title='bbox 997 657 1150 721; x_wconf 88' lang='lat' dir='ltr'><strong>Italorum</strong></span> <span class='ocrx_word' id='word_1_27' title='bbox 1164 653 1377 735; x_wconf 89' lang='lat' dir='ltr'><strong>emancipatio</strong></span> <span class='ocrx_word' id='word_1_28' title='bbox 1389 653 1429 733; x_wconf 85' lang='lat' dir='ltr'><strong>(a</strong></span> <span class='ocrx_word' id='word_1_29' title='bbox 1443 653 1495 715; x_wconf 86' lang='lat' dir='ltr'><strong>iu-</strong></span> 
     </span>
    </p>
   </div>
   <div class='ocr_carea' id='block_1_3' title="bbox 351 741 1498 1351">
    <p class='ocr_par' dir='ltr' id='par_1_3' title="bbox 351 741 1498 1272">
     <span class='ocr_line' id='line_1_5' title="bbox 380 741 1496 832; baseline -0.009 -20"><span class='ocrx_word' id='word_1_30' title='bbox 380 766 416 813; x_wconf 83' lang='lat' dir='ltr'><strong>ro</strong></span> <span class='ocrx_word' id='word_1_31' title='bbox 429 745 670 832; x_wconf 66' lang='lat' dir='ltr'><strong>imperantium)</strong></span> <span class='ocrx_word' id='word_1_32' title='bbox 691 763 750 829; x_wconf 91' lang='lat' dir='ltr'><strong>pro</strong></span> <span class='ocrx_word' id='word_1_33' title='bbox 765 746 847 811; x_wconf 86' lang='lat' dir='ltr'><strong>votis</strong></span> <span class='ocrx_word' id='word_1_34' title='bbox 861 743 1038 826; x_wconf 78' lang='lat' dir='ltr'><strong>contingat,</strong></span> <span class='ocrx_word' id='word_1_35' title='bbox 1060 743 1095 808; x_wconf 93' lang='lat' dir='ltr'><strong>iu</strong></span> <span class='ocrx_word' id='word_1_36' title='bbox 1115 743 1328 827; x_wconf 89' lang='lat' dir='ltr'><strong>antipapalem</strong></span> <span class='ocrx_word' id='word_1_37' title='bbox 1351 741 1496 804; x_wconf 90' lang='lat' dir='ltr'><strong>insurre-</strong></span> 
     </span>
     <span class='ocr_line' id='line_1_6' title="bbox 351 831 1496 913; baseline -0.007 -13"><span class='ocrx_word' id='word_1_38' title='bbox 351 897 352 900; x_wconf 74' lang='grc'>,</span> <span class='ocrx_word' id='word_1_39' title='bbox 380 837 520 909; x_wconf 81' lang='lat' dir='ltr'><strong>ctionem</strong></span> <span class='ocrx_word' id='word_1_40' title='bbox 532 838 580 900; x_wconf 88' lang='lat' dir='ltr'><strong>est</strong></span> <span class='ocrx_word' id='word_1_41' title='bbox 591 831 1116 900; x_wconf 77' lang='lat' dir='ltr'><strong>convertenda.nl&gt;rotestentismo</strong></span> <span class='ocrx_word' id='word_1_42' title='bbox 1124 831 1224 913; x_wconf 86' lang='lat' dir='ltr'><strong>igitur</strong></span> <span class='ocrx_word' id='word_1_43' title='bbox 1232 832 1278 895; x_wconf 89' lang='lat' dir='ltr'><strong>ius</strong></span> <span class='ocrx_word' id='word_1_44' title='bbox 1287 831 1434 911; x_wconf 86' lang='lat' dir='ltr'><strong>gentium</strong></span> <span class='ocrx_word' id='word_1_45' title='bbox 1446 831 1496 892; x_wconf 91' lang='lat' dir='ltr'><strong>est</strong></span> 
     </span>
     <span class='ocr_line' id='line_1_7' title="bbox 377 919 1496 1003; baseline -0.009 -13"><span class='ocrx_word' id='word_1_46' title='bbox 377 925 585 990; x_wconf 80' lang='lat' dir='ltr'><strong>insurrectio?</strong></span> <span class='ocrx_word' id='word_1_47' title='bbox 599 923 660 990; x_wconf 85' lang='lat' dir='ltr'><strong>Sed</strong></span> <span class='ocrx_word' id='word_1_48' title='bbox 675 922 756 988; x_wconf 84' lang='lat' dir='ltr'><strong>Itala</strong></span> <span class='ocrx_word' id='word_1_49' title='bbox 769 935 858 1003; x_wconf 87' lang='lat' dir='ltr'><strong>gens,</strong></span> <span class='ocrx_word' id='word_1_50' title='bbox 875 921 930 988; x_wconf 87' lang='lat' dir='ltr'><strong>sed</strong></span> <span class='ocrx_word' id='word_1_51' title='bbox 944 923 1059 995; x_wconf 85' lang='lat' dir='ltr'><strong>Roma,</strong></span> <span class='ocrx_word' id='word_1_52' title='bbox 1071 919 1160 984; x_wconf 91' lang='lat' dir='ltr'><strong>orbis</strong></span> <span class='ocrx_word' id='word_1_53' title='bbox 1175 919 1324 986; x_wconf 78' lang='lat' dir='ltr'>catholici</span> <span class='ocrx_word' id='word_1_54' title='bbox 1339 921 1447 981; x_wconf 88' lang='lat' dir='ltr'><strong>mater</strong></span> <span class='ocrx_word' id='word_1_55' title='bbox 1461 921 1496 981; x_wconf 87' lang='lat' dir='ltr'><strong>et</strong></span> 
     </span>
     <span class='ocr_line' id='line_1_8' title="bbox 380 1006 1492 1095; baseline -0.011 -15"><span class='ocrx_word' id='word_1_56' title='bbox 380 1014 491 1080; x_wconf 81' lang='lat' dir='ltr'><strong>civitas</strong></span> <span class='ocrx_word' id='word_1_57' title='bbox 504 1012 663 1095; x_wconf 85' lang='lat' dir='ltr'><strong>princeps,</strong></span> <span class='ocrx_word' id='word_1_58' title='bbox 675 1015 803 1080; x_wconf 82' lang='lat' dir='ltr'><strong>tantam</strong></span> <span class='ocrx_word' id='word_1_59' title='bbox 819 1031 860 1078; x_wconf 91' lang='lat' dir='ltr'><strong>ne</strong></span> <span class='ocrx_word' id='word_1_60' title='bbox 874 1009 1004 1075; x_wconf 90' lang='lat' dir='ltr'><strong>ablieiet</strong></span> <span class='ocrx_word' id='word_1_61' title='bbox 1018 1009 1190 1074; x_wconf 77' lang='lat' dir='ltr'><strong>eoronam?</strong></span> <span class='ocrx_word' id='word_1_62' title='bbox 1204 1010 1272 1074; x_wconf 93' lang='lat' dir='ltr'><strong>lmo</strong></span> <span class='ocrx_word' id='word_1_63' title='bbox 1287 1006 1492 1081; x_wconf 85' lang='lat' dir='ltr'><strong>confidimus,</strong></span> 
     </span>
     <span class='ocr_line' id='line_1_9' title="bbox 382 1096 1498 1184; baseline -0.01 -16"><span class='ocrx_word' id='word_1_64' title='bbox 382 1103 546 1184; x_wconf 88' lang='lat' dir='ltr'><strong>nonlonge</strong></span> <span class='ocrx_word' id='word_1_65' title='bbox 557 1101 663 1166; x_wconf 88' lang='lat' dir='ltr'><strong>abessa</strong></span> <span class='ocrx_word' id='word_1_66' title='bbox 673 1099 947 1184; x_wconf 87' lang='lat' dir='ltr'><strong>tempora,quibus</strong></span> <span class='ocrx_word' id='word_1_67' title='bbox 961 1101 1103 1164; x_wconf 80' lang='lat' dir='ltr'>errantes</span> <span class='ocrx_word' id='word_1_68' title='bbox 1114 1096 1185 1176; x_wconf 86' lang='lat' dir='ltr'><strong>tilii,</strong></span> <span class='ocrx_word' id='word_1_69' title='bbox 1197 1101 1498 1181; x_wconf 87' lang='lat' dir='ltr'><strong>patrumresumen-</strong></span> 
     </span>
     <span class='ocr_line' id='line_1_10' title="bbox 381 1187 1155 1272; baseline -0.009 -15"><span class='ocrx_word' id='word_1_70' title='bbox 381 1197 429 1257; x_wconf 89' lang='lat' dir='ltr'><strong>tes</strong></span> <span class='ocrx_word' id='word_1_71' title='bbox 443 1191 552 1265; x_wconf 86' lang='lat' dir='ltr'><strong>fldem,</strong></span> <span class='ocrx_word' id='word_1_72' title='bbox 569 1189 609 1272; x_wconf 80' lang='lat' dir='ltr'><strong>ad</strong></span> <span class='ocrx_word' id='word_1_73' title='bbox 624 1187 735 1253; x_wconf 89' lang='lat' dir='ltr'><strong>matris</strong></span> <span class='ocrx_word' id='word_1_74' title='bbox 750 1189 929 1270; x_wconf 87' lang='lat' dir='ltr'><strong>amplexum</strong></span> <span class='ocrx_word' id='word_1_75' title='bbox 945 1189 1155 1252; x_wconf 75' lang='lat' dir='ltr'><strong>revertantur.</strong></span> 
     </span>
    </p>

    <p class='ocr_par' dir='ltr' id='par_1_4' title="bbox 470 1269 1494 1351">
     <span class='ocr_line' id='line_1_11' title="bbox 470 1269 1494 1351; baseline -0.013 -7"><span class='ocrx_word' id='word_1_76' title='bbox 470 1278 604 1344; x_wconf 82' lang='lat' dir='ltr'><strong>Interim</strong></span> <span class='ocrx_word' id='word_1_77' title='bbox 616 1269 700 1351; x_wconf 74' lang='lat' dir='ltr'><strong>iero,</strong></span> <span class='ocrx_word' id='word_1_78' title='bbox 714 1281 821 1343; x_wconf 67' lang='lat' dir='ltr'><strong>uuum</strong></span> <span class='ocrx_word' id='word_1_79' title='bbox 832 1277 865 1341; x_wconf 93' lang='lat' dir='ltr'><strong>in</strong></span> <span class='ocrx_word' id='word_1_80' title='bbox 875 1274 1100 1342; x_wconf 86' lang='lat' dir='ltr'><strong>Catholicismo</strong></span> <span class='ocrx_word' id='word_1_81' title='bbox 1113 1291 1154 1337; x_wconf 91' lang='lat' dir='ltr'><strong>an</strong></span> <span class='ocrx_word' id='word_1_82' title='bbox 1166 1273 1199 1336; x_wconf 93' lang='lat' dir='ltr'><strong>in</strong></span> <span class='ocrx_word' id='word_1_83' title='bbox 1211 1269 1494 1343; x_wconf 88' lang='lat' dir='ltr'><strong>Protestantismo,</strong></span> 
     </span>
    </p>
   </div>
   <div class='ocr_carea' id='block_1_4' title="bbox 379 1359 1498 1524">
    <p class='ocr_par' dir='ltr' id='par_1_5' title="bbox 379 1359 1498 1524">
     <span class='ocr_line' id='line_1_12' title="bbox 379 1359 1498 1450; baseline -0.01 -18"><span class='ocrx_word' id='word_1_84' title='bbox 379 1367 523 1433; x_wconf 82' lang='lat' dir='ltr'><strong>diuinum</strong></span> <span class='ocrx_word' id='word_1_85' title='bbox 540 1365 588 1431; x_wconf 89' lang='lat' dir='ltr'><strong>ius</strong></span> <span class='ocrx_word' id='word_1_86' title='bbox 603 1365 687 1450; x_wconf 82' lang='lat' dir='ltr'><strong>quod</strong></span> <span class='ocrx_word' id='word_1_87' title='bbox 702 1370 833 1432; x_wconf 87' lang='lat' dir='ltr'><strong>naturae</strong></span> <span class='ocrx_word' id='word_1_88' title='bbox 847 1364 981 1442; x_wconf 86' lang='lat' dir='ltr'><strong>eminet,</strong></span> <span class='ocrx_word' id='word_1_89' title='bbox 996 1363 1044 1428; x_wconf 86' lang='lat' dir='ltr'><strong>sit¹</strong></span> <span class='ocrx_word' id='word_1_90' title='bbox 1054 1362 1321 1436; x_wconf 83' lang='lat' dir='ltr'><strong>constituendum,</strong></span> <span class='ocrx_word' id='word_1_91' title='bbox 1340 1359 1443 1442; x_wconf 88' lang='lat' dir='ltr'><strong>liquet</strong></span> <span class='ocrx_word' id='word_1_92' title='bbox 1459 1376 1498 1422; x_wconf 85' lang='lat' dir='ltr'><strong>ex</strong></span> 
     </span>
     <span class='ocr_line' id='line_1_13' title="bbox 382 1451 487 1524; baseline 0 -2"><span class='ocrx_word' id='word_1_93' title='bbox 382 1451 487 1524; x_wconf 86' lang='lat' dir='ltr'><strong>dietis.</strong></span> 
     </span>
    </p>
   </div>
   <div class='ocr_carea' id='block_1_5' title="bbox 302 2890 1498 4618">
    <p class='ocr_par' dir='ltr' id='par_1_6' title="bbox 302 2890 1498 4618">
     <span class='ocr_line' id='line_1_14' title="bbox 456 2890 1498 2967; baseline -0.001 -16"><span class='ocrx_word' id='word_1_94' title='bbox 456 2892 495 2967; x_wconf 81' lang='lat' dir='ltr'><strong>ln)</strong></span> <span class='ocrx_word' id='word_1_95' title='bbox 510 2893 599 2967; x_wconf 81' lang='lat' dir='ltr'><strong>Primi,</strong></span> <span class='ocrx_word' id='word_1_96' title='bbox 616 2893 640 2950; x_wconf 93' lang='lat' dir='ltr'><strong>in</strong></span> <span class='ocrx_word' id='word_1_97' title='bbox 655 2890 747 2951; x_wconf 86' lang='lat' dir='ltr'><strong>ltaliae</strong></span> <span class='ocrx_word' id='word_1_98' title='bbox 760 2893 867 2965; x_wconf 83' lang='lat' dir='ltr'><strong>finibus,</strong></span> <span class='ocrx_word' id='word_1_99' title='bbox 882 2891 1096 2950; x_wconf 85' lang='lat' dir='ltr'><strong>Protestantium</strong></span> <span class='ocrx_word' id='word_1_100' title='bbox 1111 2893 1205 2965; x_wconf 89' lang='lat' dir='ltr'><strong>templi</strong></span> <span class='ocrx_word' id='word_1_101' title='bbox 1217 2891 1398 2952; x_wconf 76' lang='lat' dir='ltr'><strong>fundamenta</strong></span> <span class='ocrx_word' id='word_1_102' title='bbox 1412 2894 1498 2952; x_wconf 87' lang='lat' dir='ltr'><strong>iacie-</strong></span> 
     </span>
     <span class='ocr_line' id='line_1_15' title="bbox 380 2965 1496 3042; baseline 0 -18"><span class='ocrx_word' id='word_1_103' title='bbox 380 2965 480 3026; x_wconf 89' lang='lat' dir='ltr'><strong>bantu&#39;r</strong></span> <span class='ocrx_word' id='word_1_104' title='bbox 498 2970 635 3042; x_wconf 76' lang='lat' dir='ltr'><strong>Augustae</strong></span> <span class='ocrx_word' id='word_1_105' title='bbox 648 2969 839 3039; x_wconf 84' lang='lat' dir='ltr'><strong>Taurinorum,</strong></span> <span class='ocrx_word' id='word_1_106' title='bbox 861 2969 904 3025; x_wconf 88' lang='lat' dir='ltr'><strong>die</strong></span> <span class='ocrx_word' id='word_1_107' title='bbox 919 2971 953 3026; x_wconf 77' lang='grc'><strong>29</strong></span> <span class='ocrx_word' id='word_1_108' title='bbox 968 2968 1086 3026; x_wconf 88' lang='lat' dir='ltr'><strong>oetobris</strong></span> <span class='ocrx_word' id='word_1_109' title='bbox 1106 2972 1167 3026; x_wconf 87' lang='lat' dir='ltr'><strong>anni</strong></span> <span class='ocrx_word' id='word_1_110' title='bbox 1185 2973 1266 3026; x_wconf 80' lang='lat'>1851.</span> <span class='ocrx_word' id='word_1_111' title='bbox 1282 2970 1378 3027; x_wconf 87' lang='lat' dir='ltr'><strong>Scribe</strong></span> <span class='ocrx_word' id='word_1_112' title='bbox 1394 2972 1420 3027; x_wconf 93' lang='lat' dir='ltr'><strong>in</strong></span> <span class='ocrx_word' id='word_1_113' title='bbox 1435 2971 1496 3025; x_wconf 89' lang='lat' dir='ltr'><strong>eius</strong></span> 
     </span>
     <span class='ocr_line' id='line_1_16' title="bbox 379 3044 1495 3117; baseline 0 -18"><span class='ocrx_word' id='word_1_114' title='bbox 379 3044 477 3101; x_wconf 86' lang='lat' dir='ltr'><strong>ironte:</strong></span> <span class='ocrx_word' id='word_1_115' title='bbox 493 3060 590 3100; x_wconf 85' lang='lat' dir='ltr'><strong>renero</strong></span> <span class='ocrx_word' id='word_1_116' title='bbox 601 3059 663 3099; x_wconf 84' lang='lat' dir='ltr'><strong>ono.</strong></span> <span class='ocrx_word' id='word_1_117' title='bbox 675 3044 703 3100; x_wconf 90' lang='lat' dir='ltr'><strong>Si</strong></span> <span class='ocrx_word' id='word_1_118' title='bbox 720 3044 899 3114; x_wconf 76' lang='lat' dir='ltr'>inscriptionis</span> <span class='ocrx_word' id='word_1_119' title='bbox 914 3045 1047 3100; x_wconf 87' lang='lat' dir='ltr'><strong>rationem</strong></span> <span class='ocrx_word' id='word_1_120' title='bbox 1059 3044 1190 3116; x_wconf 87' lang='lat' dir='ltr'><strong>postulas,</strong></span> <span class='ocrx_word' id='word_1_121' title='bbox 1203 3046 1495 3117; x_wconf 86' lang='lat' dir='ltr'><strong>praeterBossnetnm,</strong></span> 
     </span>
     <span class='ocr_line' id='line_1_17' title="bbox 379 3118 1497 3194; baseline 0 -18"><span class='ocrx_word' id='word_1_122' title='bbox 379 3118 565 3177; x_wconf 81' lang='lat' dir='ltr'><strong>Histoiredes</strong></span> <span class='ocrx_word' id='word_1_123' title='bbox 576 3121 760 3183; x_wconf 78' lang='lat' dir='ltr'><strong>Vertntions,</strong></span> <span class='ocrx_word' id='word_1_124' title='bbox 770 3118 906 3191; x_wconf 89' lang='lat' dir='ltr'><strong>legeopus</strong></span> <span class='ocrx_word' id='word_1_125' title='bbox 916 3119 1175 3192; x_wconf 77' lang='lat' dir='ltr'><strong>elaboratissimam,</strong></span> <span class='ocrx_word' id='word_1_126' title='bbox 1184 3119 1497 3194; x_wconf 68' lang='lat' dir='ltr'><strong>Leopmboltqueper</strong></span> 
     </span>
     <span class='ocr_line' id='line_1_18' title="bbox 378 3191 1497 3268; baseline -0.002 -17"><span class='ocrx_word' id='word_1_127' title='bbox 378 3195 519 3267; x_wconf 69' lang='lat' dir='ltr'><strong>Moenum,</strong></span> <span class='ocrx_word' id='word_1_128' title='bbox 535 3195 639 3252; x_wconf 88' lang='lat' dir='ltr'><strong>riecnon</strong></span> <span class='ocrx_word' id='word_1_129' title='bbox 654 3191 740 3267; x_wconf 85' lang='lat' dir='ltr'><strong>aliud,</strong></span> <span class='ocrx_word' id='word_1_130' title='bbox 752 3208 817 3250; x_wconf 85' lang='lat' dir='ltr'><strong>vera</strong></span> <span class='ocrx_word' id='word_1_131' title='bbox 831 3193 992 3250; x_wconf 86' lang='lat' dir='ltr'><strong>eruditionis</strong></span> <span class='ocrx_word' id='word_1_132' title='bbox 1005 3195 1169 3265; x_wconf 81' lang='lat' dir='ltr'><strong>emporium,</strong></span> <span class='ocrx_word' id='word_1_133' title='bbox 1185 3199 1230 3252; x_wconf 77' lang='lat' dir='ltr'><strong>lu</strong></span> <span class='ocrx_word' id='word_1_134' title='bbox 1244 3196 1381 3268; x_wconf 71' lang='lat' dir='ltr'><strong>Resorme</strong></span> <span class='ocrx_word' id='word_1_135' title='bbox 1395 3202 1497 3252; x_wconf 82' lang='lat' dir='ltr'><strong>contre</strong></span> 
     </span>
     <span class='ocr_line' id='line_1_19' title="bbox 378 3266 1496 3345; baseline -0.001 -21"><span class='ocrx_word' id='word_1_136' title='bbox 378 3267 411 3326; x_wconf 83' lang='lat' dir='ltr'><strong>te</strong></span> <span class='ocrx_word' id='word_1_137' title='bbox 424 3272 567 3345; x_wconf 73' lang='lat' dir='ltr'><strong>Resorme,</strong></span> <span class='ocrx_word' id='word_1_138' title='bbox 579 3285 639 3343; x_wconf 87' lang='lat' dir='ltr'><strong>par</strong></span> <span class='ocrx_word' id='word_1_139' title='bbox 652 3270 853 3326; x_wconf 82' lang='lat' dir='ltr'><strong>llosnrnomns.</strong></span> <span class='ocrx_word' id='word_1_140' title='bbox 869 3266 987 3338; x_wconf 78' lang='lat' dir='ltr'><strong>Videbis,</strong></span> <span class='ocrx_word' id='word_1_141' title='bbox 1005 3271 1191 3326; x_wconf 70' lang='lat' dir='ltr'><strong>protestantes</strong></span> <span class='ocrx_word' id='word_1_142' title='bbox 1211 3273 1320 3326; x_wconf 88' lang='lat' dir='ltr'><strong>nescire</strong></span> <span class='ocrx_word' id='word_1_143' title='bbox 1334 3270 1496 3326; x_wconf 88' lang='lat' dir='ltr'><strong>iamdudum</strong></span> 
     </span>
     <span class='ocr_line' id='line_1_20' title="bbox 378 3341 1496 3416; baseline 0 -17"><span class='ocrx_word' id='word_1_144' title='bbox 378 3344 452 3416; x_wconf 71' lang='lat' dir='ltr'><strong>pisid</strong></span> <span class='ocrx_word' id='word_1_145' title='bbox 463 3343 561 3408; x_wconf 82' lang='lat' dir='ltr'><strong>uelint,</strong></span> <span class='ocrx_word' id='word_1_146' title='bbox 576 3343 647 3415; x_wconf 82' lang='lat' dir='ltr'><strong>quid</strong></span> <span class='ocrx_word' id='word_1_147' title='bbox 660 3341 773 3408; x_wconf 81' lang='lat' dir='ltr'><strong>dicent,</strong></span> <span class='ocrx_word' id='word_1_148' title='bbox 783 3341 859 3416; x_wconf 81' lang='lat' dir='ltr'><strong>&#39;quid</strong></span> <span class='ocrx_word' id='word_1_149' title='bbox 868 3341 1003 3399; x_wconf 82' lang='lat' dir='ltr'><strong>adorent.</strong></span> <span class='ocrx_word' id='word_1_150' title='bbox 1016 3343 1111 3399; x_wconf 85' lang='lat' dir='ltr'><strong>Sciunt</strong></span> <span class='ocrx_word' id='word_1_151' title='bbox 1125 3351 1214 3400; x_wconf 89' lang='lat' dir='ltr'><strong>tamen</strong></span> <span class='ocrx_word' id='word_1_152' title='bbox 1225 3345 1290 3415; x_wconf 85' lang='lat' dir='ltr'><strong>quid</strong></span> <span class='ocrx_word' id='word_1_153' title='bbox 1298 3352 1393 3416; x_wconf 85' lang='lat' dir='ltr'><strong>agant.</strong></span> <span class='ocrx_word' id='word_1_154' title='bbox 1405 3348 1496 3414; x_wconf 82' lang='lat' dir='ltr'><strong>Quum</strong></span> 
     </span>
     <span class='ocr_line' id='line_1_21' title="bbox 376 3415 1496 3492; baseline 0.001 -19"><span class='ocrx_word' id='word_1_155' title='bbox 376 3417 498 3488; x_wconf 86' lang='lat' dir='ltr'><strong>politices</strong></span> <span class='ocrx_word' id='word_1_156' title='bbox 513 3420 723 3474; x_wconf 85' lang='lat' dir='ltr'><strong>instrumentum</strong></span> <span class='ocrx_word' id='word_1_157' title='bbox 736 3419 817 3475; x_wconf 85' lang='lat' dir='ltr'><strong>luerit</strong></span> <span class='ocrx_word' id='word_1_158' title='bbox 830 3433 900 3474; x_wconf 84' lang='lat' dir='ltr'><strong>nova</strong></span> <span class='ocrx_word' id='word_1_159' title='bbox 912 3415 1073 3474; x_wconf 88' lang='lat' dir='ltr'><strong>Reiormatlo</strong></span> <span class='ocrx_word' id='word_1_160' title='bbox 1086 3417 1143 3474; x_wconf 87' lang='lat' dir='ltr'><strong>lare</strong></span> <span class='ocrx_word' id='word_1_161' title='bbox 1157 3420 1192 3475; x_wconf 88' lang='lat' dir='ltr'><strong>ab</strong></span> <span class='ocrx_word' id='word_1_162' title='bbox 1207 3419 1389 3492; x_wconf 81' lang='lat' dir='ltr'><strong>incunabulis,</strong></span> <span class='ocrx_word' id='word_1_163' title='bbox 1399 3422 1452 3476; x_wconf 92' lang='lat' dir='ltr'><strong>iam</strong></span> <span class='ocrx_word' id='word_1_164' title='bbox 1462 3418 1496 3477; x_wconf 89' lang='lat' dir='ltr'><strong>ab</strong></span> 
     </span>
     <span class='ocr_line' id='line_1_22' title="bbox 302 3491 1494 3565; baseline 0.003 -17"><span class='ocrx_word' id='word_1_165' title='bbox 302 3497 309 3509; x_wconf 98' lang='grc'>’</span> <span class='ocrx_word' id='word_1_166' title='bbox 374 3506 446 3548; x_wconf 88' lang='lat' dir='ltr'><strong>anno</strong></span> <span class='ocrx_word' id='word_1_167' title='bbox 463 3491 533 3548; x_wconf 75' lang='lat'><strong>1522</strong></span> <span class='ocrx_word' id='word_1_168' title='bbox 550 3493 577 3547; x_wconf 92' lang='lat' dir='ltr'><strong>in</strong></span> <span class='ocrx_word' id='word_1_169' title='bbox 588 3491 661 3547; x_wconf 89' lang='lat' dir='ltr'><strong>illam</strong></span> <span class='ocrx_word' id='word_1_170' title='bbox 676 3491 767 3549; x_wconf 90' lang='lat' dir='ltr'><strong>ltaliae</strong></span> <span class='ocrx_word' id='word_1_171' title='bbox 777 3508 853 3549; x_wconf 89' lang='lat' dir='ltr'><strong>oram</strong></span> <span class='ocrx_word' id='word_1_172' title='bbox 868 3492 1163 3565; x_wconf 82' lang='lat' dir='ltr'><strong>irreperenonabatnr,</strong></span> <span class='ocrx_word' id='word_1_173' title='bbox 1180 3500 1210 3551; x_wconf 93' lang='lat' dir='ltr'><strong>ut</strong></span> <span class='ocrx_word' id='word_1_174' title='bbox 1223 3495 1380 3551; x_wconf 84' lang='lat' dir='ltr'><strong>universam</strong></span> <span class='ocrx_word' id='word_1_175' title='bbox 1391 3496 1457 3553; x_wconf 89' lang='lat' dir='ltr'><strong>inde</strong></span> <span class='ocrx_word' id='word_1_176' title='bbox 1468 3498 1494 3552; x_wconf 93' lang='lat' dir='ltr'><strong>l·</strong></span> 
     </span>
     <span class='ocr_line' id='line_1_23' title="bbox 374 3565 1495 3640; baseline 0.006 -19"><span class='ocrx_word' id='word_1_177' title='bbox 374 3566 467 3621; x_wconf 89' lang='lat' dir='ltr'><strong>taliam</strong></span> <span class='ocrx_word' id='word_1_178' title='bbox 480 3573 508 3621; x_wconf 88' lang='lat' dir='ltr'><strong>et</strong></span> <span class='ocrx_word' id='word_1_179' title='bbox 521 3567 632 3621; x_wconf 87' lang='lat' dir='ltr'><strong>Romam</strong></span> <span class='ocrx_word' id='word_1_180' title='bbox 646 3565 795 3636; x_wconf 80' lang='lat' dir='ltr'><strong>subigeret:</strong></span> <span class='ocrx_word' id='word_1_181' title='bbox 810 3568 882 3640; x_wconf 86' lang='lat' dir='ltr'><strong>quod</strong></span> <span class='ocrx_word' id='word_1_182' title='bbox 897 3569 976 3624; x_wconf 82' lang='lat' dir='ltr'><strong>enixe</strong></span> <span class='ocrx_word' id='word_1_183' title='bbox 989 3574 1058 3624; x_wconf 93' lang='lat' dir='ltr'><strong>tune</strong></span> <span class='ocrx_word' id='word_1_184' title='bbox 1071 3575 1220 3626; x_wconf 84' lang='lat' dir='ltr'><strong>vetuerunt</strong></span> <span class='ocrx_word' id='word_1_185' title='bbox 1234 3570 1373 3640; x_wconf 85' lang='lat' dir='ltr'><strong>principes</strong></span> <span class='ocrx_word' id='word_1_186' title='bbox 1388 3571 1495 3628; x_wconf 87' lang='lat' dir='ltr'><strong>Saban-</strong></span> 
     </span>
     <span class='ocr_line' id='line_1_24' title="bbox 375 3639 1493 3732; baseline 0.009 -37"><span class='ocrx_word' id='word_1_187' title='bbox 375 3639 413 3732; x_wconf 74' lang='lat' dir='ltr'><strong>di,</strong></span> <span class='ocrx_word' id='word_1_188' title='bbox 429 3640 523 3710; x_wconf 86' lang='lat' dir='ltr'><strong>paucis</strong></span> <span class='ocrx_word' id='word_1_189' title='bbox 534 3640 580 3712; x_wconf 90' lang='lat' dir='ltr'><strong>qui</strong></span> <span class='ocrx_word' id='word_1_190' title='bbox 590 3639 705 3697; x_wconf 88' lang='lat' dir='ltr'><strong>aderant</strong></span> <span class='ocrx_word' id='word_1_191' title='bbox 714 3641 893 3727; x_wconf 77' lang='lat' dir='ltr'><strong>Veliensibus</strong></span> <span class='ocrx_word' id='word_1_192' title='bbox 905 3643 932 3699; x_wconf 93' lang='lat' dir='ltr'><strong>in</strong></span> <span class='ocrx_word' id='word_1_193' title='bbox 941 3642 1073 3698; x_wconf 90' lang='lat' dir='ltr'><strong>montium</strong></span> <span class='ocrx_word' id='word_1_194' title='bbox 1084 3641 1200 3700; x_wconf 85' lang='lat' dir='ltr'><strong>vallibus</strong></span> <span class='ocrx_word' id='word_1_195' title='bbox 1211 3644 1348 3710; x_wconf 84' lang='lat' dir='ltr'><strong>conclusis</strong></span> <span class='ocrx_word' id='word_1_196' title='bbox 1360 3646 1440 3718; x_wconf 76' lang='lat' dir='ltr'><strong>(Vide</strong></span> <span class='ocrx_word' id='word_1_197' title='bbox 1454 3647 1493 3705; x_wconf 91' lang='lat'><strong>0·</strong></span> 
     </span>
     <span class='ocr_line' id='line_1_25' title="bbox 373 3711 1495 3864; baseline -0.003 -20"><span class='ocrx_word' id='word_1_198' title='bbox 373 3711 1495 3864; x_wconf 67' lang='lat' dir='ltr'><strong>:tittttttttttntttlllltltttlllttltllll&#39;tlttttttt</strong></span> 
     </span>
     <span class='ocr_line' id='line_1_26' title="bbox 373 3865 1495 3942; baseline 0.01 -24"><span class='ocrx_word' id='word_1_199' title='bbox 373 3871 474 3920; x_wconf 83' lang='lat' dir='ltr'><strong>serant.</strong></span> <span class='ocrx_word' id='word_1_200' title='bbox 495 3866 552 3922; x_wconf 85' lang='lat' dir='ltr'><strong>Nee</strong></span> <span class='ocrx_word' id='word_1_201' title='bbox 566 3867 728 3924; x_wconf 80' lang='lat' dir='ltr'><strong>reviviscent</strong></span> <span class='ocrx_word' id='word_1_202' title='bbox 747 3865 792 3923; x_wconf 91' lang='lat' dir='ltr'><strong>illa</strong></span> <span class='ocrx_word' id='word_1_203' title='bbox 806 3882 892 3922; x_wconf 88' lang='lat' dir='ltr'><strong>arma:</strong></span> <span class='ocrx_word' id='word_1_204' title='bbox 908 3867 969 3938; x_wconf 86' lang='lat' dir='ltr'><strong>quis</strong></span> <span class='ocrx_word' id='word_1_205' title='bbox 989 3867 1072 3935; x_wconf 89' lang='lat' dir='ltr'><strong>enlm,</strong></span> <span class='ocrx_word' id='word_1_206' title='bbox 1088 3883 1138 3938; x_wconf 94' lang='lat' dir='ltr'><strong>pro</strong></span> <span class='ocrx_word' id='word_1_207' title='bbox 1152 3869 1274 3924; x_wconf 79' lang='lat' dir='ltr'><strong>extincta</strong></span> <span class='ocrx_word' id='word_1_208' title='bbox 1293 3869 1357 3942; x_wconf 86' lang='lat' dir='ltr'><strong>lide,</strong></span> <span class='ocrx_word' id='word_1_209' title='bbox 1374 3871 1495 3942; x_wconf 81' lang='lat' dir='ltr'><strong>digitum</strong></span> 
     </span>
     <span class='ocr_line' id='line_1_27' title="bbox 371 3939 1495 4015; baseline 0.007 -19"><span class='ocrx_word' id='word_1_210' title='bbox 371 3939 495 3996; x_wconf 76' lang='lat' dir='ltr'><strong>moveat?</strong></span> <span class='ocrx_word' id='word_1_211' title='bbox 503 3942 679 4013; x_wconf 81' lang='lat' dir='ltr'><strong>Quocumque</strong></span> <span class='ocrx_word' id='word_1_212' title='bbox 690 3949 783 3999; x_wconf 88' lang='lat' dir='ltr'><strong>tamen</strong></span> <span class='ocrx_word' id='word_1_213' title='bbox 793 3942 1032 3999; x_wconf 82' lang='lat' dir='ltr'><strong>Prolestnntismua</strong></span> <span class='ocrx_word' id='word_1_214' title='bbox 1044 3942 1141 4012; x_wconf 89' lang='lat' dir='ltr'><strong>pedem</strong></span> <span class='ocrx_word' id='word_1_215' title='bbox 1156 3943 1259 4015; x_wconf 88' lang='lat' dir='ltr'><strong>intulit,</strong></span> <span class='ocrx_word' id='word_1_216' title='bbox 1273 3943 1341 4000; x_wconf 83' lang='lat' dir='ltr'><strong>fides</strong></span> <span class='ocrx_word' id='word_1_217' title='bbox 1353 3947 1495 4004; x_wconf 85' lang='lat' dir='ltr'><strong>catholiea</strong></span> 
     </span>
     <span class='ocr_line' id='line_1_28' title="bbox 372 4013 1495 4092; baseline 0.011 -24"><span class='ocrx_word' id='word_1_218' title='bbox 372 4029 387 4068; x_wconf 88' lang='lat' dir='ltr'><strong>a</strong></span> <span class='ocrx_word' id='word_1_219' title='bbox 398 4013 506 4084; x_wconf 83' lang='lat' dir='ltr'><strong>politica</strong></span> <span class='ocrx_word' id='word_1_220' title='bbox 514 4017 675 4074; x_wconf 83' lang='lat' dir='ltr'><strong>austeritate</strong></span> <span class='ocrx_word' id='word_1_221' title='bbox 685 4017 971 4090; x_wconf 82' lang='lat' dir='ltr'><strong>graviterdivexntur:</strong></span> <span class='ocrx_word' id='word_1_222' title='bbox 985 4030 1053 4088; x_wconf 88' lang='lat' dir='ltr'><strong>quaa</strong></span> <span class='ocrx_word' id='word_1_223' title='bbox 1061 4016 1173 4074; x_wconf 89' lang='lat' dir='ltr'><strong>subdola</strong></span> <span class='ocrx_word' id='word_1_224' title='bbox 1184 4020 1352 4092; x_wconf 88' lang='lat' dir='ltr'><strong>persecutio,</strong></span> <span class='ocrx_word' id='word_1_225' title='bbox 1364 4027 1495 4080; x_wconf 87' lang='lat' dir='ltr'><strong>metuen-</strong></span> 
     </span>
     <span class='ocr_line' id='line_1_29' title="bbox 371 4087 1496 4165; baseline 0.01 -23"><span class='ocrx_word' id='word_1_226' title='bbox 371 4087 407 4143; x_wconf 87' lang='lat' dir='ltr'><strong>da</strong></span> <span class='ocrx_word' id='word_1_227' title='bbox 427 4095 470 4145; x_wconf 90' lang='lat' dir='ltr'><strong>est</strong></span> <span class='ocrx_word' id='word_1_228' title='bbox 483 4091 666 4165; x_wconf 87' lang='lat' dir='ltr'><strong>potiusquam</strong></span> <span class='ocrx_word' id='word_1_229' title='bbox 681 4092 780 4154; x_wconf 87' lang='lat' dir='ltr'><strong>altera.</strong></span> <span class='ocrx_word' id='word_1_230' title='bbox 794 4090 849 4149; x_wconf 84' lang='lat' dir='ltr'><strong>Sed</strong></span> <span class='ocrx_word' id='word_1_231' title='bbox 862 4107 913 4148; x_wconf 91' lang='lat' dir='ltr'><strong>nee</strong></span> <span class='ocrx_word' id='word_1_232' title='bbox 927 4091 1067 4162; x_wconf 86' lang='lat' dir='ltr'><strong>religiosae</strong></span> <span class='ocrx_word' id='word_1_233' title='bbox 1081 4091 1292 4162; x_wconf 80' lang='lat' dir='ltr'><strong>disceptationes</strong></span> <span class='ocrx_word' id='word_1_234' title='bbox 1309 4094 1436 4164; x_wconf 88' lang='lat' dir='ltr'><strong>amplius</strong></span> <span class='ocrx_word' id='word_1_235' title='bbox 1451 4113 1496 4154; x_wconf 89' lang='lat' dir='ltr'><strong>re·</strong></span> 
     </span>
     <span class='ocr_line' id='line_1_30' title="bbox 356 4163 1482 4242; baseline 0.011 -24"><span class='ocrx_word' id='word_1_236' title='bbox 356 4163 507 4242; x_wconf 69' lang='lat' dir='ltr'><strong>sivissent:</strong></span> <span class='ocrx_word' id='word_1_237' title='bbox 524 4181 596 4238; x_wconf 89' lang='lat' dir='ltr'><strong>nam,</strong></span> <span class='ocrx_word' id='word_1_238' title='bbox 611 4166 660 4240; x_wconf 88' lang='lat' dir='ltr'><strong>qui</strong></span> <span class='ocrx_word' id='word_1_239' title='bbox 671 4168 742 4226; x_wconf 85' lang='lat' dir='ltr'><strong>inter</strong></span> <span class='ocrx_word' id='word_1_240' title='bbox 756 4169 943 4228; x_wconf 74' lang='lat' dir='ltr'><strong>protestantes</strong></span> <span class='ocrx_word' id='word_1_241' title='bbox 954 4165 1078 4220; x_wconf 85' lang='lat' dir='ltr'><strong>noumine</strong></span> <span class='ocrx_word' id='word_1_242' title='bbox 1091 4173 1120 4221; x_wconf 88' lang='lat' dir='ltr'><strong>et</strong></span> <span class='ocrx_word' id='word_1_243' title='bbox 1132 4166 1285 4224; x_wconf 88' lang='lat' dir='ltr'><strong>eruditione</strong></span> <span class='ocrx_word' id='word_1_244' title='bbox 1300 4170 1482 4239; x_wconf 80' lang='lat' dir='ltr'><strong>praecellunt</strong></span> 
     </span>
     <span class='ocr_line' id='line_1_31' title="bbox 371 4217 1493 4315; baseline 0.012 -24"><span class='ocrx_word' id='word_1_245' title='bbox 371 4239 406 4294; x_wconf 82' lang='lat' dir='ltr'><strong>asi</strong></span> <span class='ocrx_word' id='word_1_246' title='bbox 419 4239 579 4298; x_wconf 80' lang='lat' dir='ltr'><strong>catholicam</strong></span> <span class='ocrx_word' id='word_1_247' title='bbox 589 4242 669 4300; x_wconf 82' lang='lat' dir='ltr'><strong>tidem</strong></span> <span class='ocrx_word' id='word_1_248' title='bbox 683 4257 713 4302; x_wconf 88' lang='lat' dir='ltr'><strong>se</strong></span> <span class='ocrx_word' id='word_1_249' title='bbox 728 4244 828 4302; x_wconf 89' lang='lat' dir='ltr'><strong>ilerum</strong></span> <span class='ocrx_word' id='word_1_250' title='bbox 842 4240 985 4311; x_wconf 85' lang='lat' dir='ltr'><strong>recipiunt;</strong></span> <span class='ocrx_word' id='word_1_251' title='bbox 996 4239 1093 4312; x_wconf 88' lang='lat' dir='ltr'><strong>reliqui</strong></span> <span class='ocrx_word' id='word_1_252' title='bbox 1103 4255 1179 4314; x_wconf 87' lang='lat' dir='ltr'><strong>vern,</strong></span> <span class='ocrx_word' id='word_1_253' title='bbox 1195 4257 1279 4313; x_wconf 86' lang='lat' dir='ltr'><strong>quum</strong></span> <span class='ocrx_word' id='word_1_254' title='bbox 1292 4244 1400 4315; x_wconf 86' lang='lat' dir='ltr'><strong>positivi</strong></span> <span class='ocrx_word' id='word_1_255' title='bbox 1412 4217 1493 4306; x_wconf 61' lang='lat' dir='ltr'><strong>Clari3</strong></span> 
     </span>
     <span class='ocr_line' id='line_1_32' title="bbox 371 4313 1493 4389; baseline 0.01 -22"><span class='ocrx_word' id='word_1_256' title='bbox 371 4313 505 4372; x_wconf 84' lang='lat' dir='ltr'><strong>etianismi</strong></span> <span class='ocrx_word' id='word_1_257' title='bbox 514 4323 701 4387; x_wconf 87' lang='lat' dir='ltr'><strong>neopunetum</strong></span> <span class='ocrx_word' id='word_1_258' title='bbox 712 4319 860 4388; x_wconf 82' lang='lat' dir='ltr'><strong>retineant,</strong></span> <span class='ocrx_word' id='word_1_259' title='bbox 871 4330 922 4370; x_wconf 89' lang='lat' dir='ltr'><strong>neo</strong></span> <span class='ocrx_word' id='word_1_260' title='bbox 932 4320 1062 4384; x_wconf 85' lang='lat' dir='ltr'><strong>punctum</strong></span> <span class='ocrx_word' id='word_1_261' title='bbox 1073 4329 1179 4387; x_wconf 79' lang='lat' dir='ltr'><strong>quoque</strong></span> <span class='ocrx_word' id='word_1_262' title='bbox 1191 4315 1290 4373; x_wconf 86' lang='lat' dir='ltr'><strong>babent</strong></span> <span class='ocrx_word' id='word_1_263' title='bbox 1302 4319 1378 4389; x_wconf 82' lang='lat' dir='ltr'><strong>qrrosi</strong></span> <span class='ocrx_word' id='word_1_264' title='bbox 1391 4325 1493 4378; x_wconf 90' lang='lat' dir='ltr'><strong>tuean-</strong></span> 
     </span>
     <span class='ocr_line' id='line_1_33' title="bbox 371 4385 1492 4464; baseline 0.012 -24"><span class='ocrx_word' id='word_1_265' title='bbox 371 4385 431 4444; x_wconf 71' lang='lat' dir='ltr'><strong>tur.&#39;</strong></span> <span class='ocrx_word' id='word_1_266' title='bbox 442 4391 506 4448; x_wconf 88' lang='lat' dir='ltr'><strong>Tota</strong></span> <span class='ocrx_word' id='word_1_267' title='bbox 520 4405 615 4450; x_wconf 89' lang='lat' dir='ltr'><strong>eorum</strong></span> <span class='ocrx_word' id='word_1_268' title='bbox 629 4407 724 4464; x_wconf 90' lang='lat' dir='ltr'><strong>eausa,</strong></span> <span class='ocrx_word' id='word_1_269' title='bbox 739 4391 781 4449; x_wconf 79' lang='lat' dir='ltr'><strong>ael</strong></span> <span class='ocrx_word' id='word_1_270' title='bbox 794 4391 886 4460; x_wconf 87' lang='lat' dir='ltr'><strong>inepta</strong></span> <span class='ocrx_word' id='word_1_271' title='bbox 899 4388 1045 4445; x_wconf 89' lang='lat' dir='ltr'><strong>diariorum</strong></span> <span class='ocrx_word' id='word_1_272' title='bbox 1058 4389 1231 4460; x_wconf 87' lang='lat' dir='ltr'><strong>garrulitate,</strong></span> <span class='ocrx_word' id='word_1_273' title='bbox 1247 4390 1291 4447; x_wconf 84' lang='lat' dir='ltr'><strong>vel</strong></span> <span class='ocrx_word' id='word_1_274' title='bbox 1305 4393 1417 4450; x_wconf 81' lang='lat' dir='ltr'><strong>furtivis</strong></span> <span class='ocrx_word' id='word_1_275' title='bbox 1430 4395 1492 4452; x_wconf 86' lang='lat' dir='ltr'><strong>loli·</strong></span> 
     </span>
     <span class='ocr_line' id='line_1_34' title="bbox 369 4460 1492 4542; baseline 0.011 -26"><span class='ocrx_word' id='word_1_276' title='bbox 369 4462 438 4522; x_wconf 82' lang='lat' dir='ltr'><strong>culis</strong></span> <span class='ocrx_word' id='word_1_277' title='bbox 459 4467 608 4540; x_wconf 83' lang='lat' dir='ltr'><strong>peragitur.</strong></span> <span class='ocrx_word' id='word_1_278' title='bbox 631 4467 774 4539; x_wconf 85' lang='lat' dir='ltr'><strong>Templum</strong></span> <span class='ocrx_word' id='word_1_279' title='bbox 794 4473 885 4520; x_wconf 87' lang='lat' dir='ltr'><strong>tamen</strong></span> <span class='ocrx_word' id='word_1_280' title='bbox 905 4477 935 4519; x_wconf 90' lang='lat' dir='ltr'><strong>re</strong></span> <span class='ocrx_word' id='word_1_281' title='bbox 955 4460 1107 4534; x_wconf 89' lang='lat' dir='ltr'><strong>uirebatur,</strong></span> <span class='ocrx_word' id='word_1_282' title='bbox 1123 4478 1177 4536; x_wconf 86' lang='lat' dir='ltr'><strong>quo</strong></span> <span class='ocrx_word' id='word_1_283' title='bbox 1196 4466 1375 4538; x_wconf 83' lang='lat' dir='ltr'><strong>conveniant,</strong></span> <span class='ocrx_word' id='word_1_284' title='bbox 1392 4475 1447 4542; x_wconf 78' lang='lat' dir='ltr'><strong>put</strong></span> <span class='ocrx_word' id='word_1_285' title='bbox 1461 4475 1492 4527; x_wconf 85' lang='lat' dir='ltr'><strong>tn</strong></span> 
     </span>
     <span class='ocr_line' id='line_1_35' title="bbox 368 4478 1162 4618; baseline -0.003 -23"><span class='ocrx_word' id='word_1_286' title='bbox 368 4549 483 4598; x_wconf 80' lang='lat' dir='ltr'><strong>omnem</strong></span> <span class='ocrx_word' id='word_1_287' title='bbox 493 4548 697 4618; x_wconf 80' lang='lat' dir='ltr'><strong>protestentur</strong></span> <span class='ocrx_word' id='word_1_288' title='bbox 713 4537 884 4601; x_wconf 82' lang='lat' dir='ltr'><strong>Cntbalicue</strong></span> <span class='ocrx_word' id='word_1_289' title='bbox 897 4478 984 4596; x_wconf 51' lang='lat' dir='ltr'><strong>Figat</strong></span> <span class='ocrx_word' id='word_1_290' title='bbox 996 4539 1162 4595; x_wconf 69' lang='lat' dir='ltr'><strong>ambulem.</strong></span> 
     </span>
    </p>
   </div>
   <div class='ocr_carea' id='block_1_6' title="bbox 0 0 1616 5282">
    <p class='ocr_par' dir='ltr' id='par_1_7' title="bbox 0 0 1616 5282">
     <span class='ocr_line' id='line_1_36' title="bbox 0 0 1616 5282; baseline 0 6"><span class='ocrx_word' id='word_1_291' title='bbox 0 0 1616 5282; x_wconf 95' lang='lat' dir='ltr'><strong> </strong></span> 
     </span>
    </p>
   </div>
  </div>
 </body>
</html>
