<?xml version="1.0" encoding="UTF-8"?>
<!DOCTYPE html PUBLIC "-//W3C//DTD XHTML 1.0 Transitional//EN"
    "http://www.w3.org/TR/xhtml1/DTD/xhtml1-transitional.dtd">
<html xmlns="http://www.w3.org/1999/xhtml" xml:lang="en" lang="en">
 <head>
  <title>
</title>
<meta http-equiv="Content-Type" content="text/html;charset=utf-8" />
  <meta name='ocr-system' content='tesseract 3.04.00' />
  <meta name='ocr-capabilities' content='ocr_page ocr_carea ocr_par ocr_line ocrx_word'/>
</head>
<body>
  <div class='ocr_page' id='page_1' title='image "./iurisnaturaeetg01audigoog_0286.png"; bbox 0 0 3228 5280; ppageno 0'>
   <div class='ocr_carea' id='block_1_1' title="bbox 582 287 1195 358">
    <p class='ocr_par' dir='ltr' id='par_1_1' title="bbox 582 287 1195 358">
     <span class='ocr_line' id='line_1_1' title="bbox 582 287 1195 358; baseline 0.016 -10"><span class='ocrx_word' id='word_1_1' title='bbox 582 301 766 356; x_wconf 82' lang='lat' dir='ltr'><strong>rrrususv.</strong></span> <span class='ocrx_word' id='word_1_2' title='bbox 1128 287 1195 358; x_wconf 76' lang='lat'><strong>265</strong></span> 
     </span>
    </p>
   </div>
   <div class='ocr_carea' id='block_1_2' title="bbox 117 444 1238 534">
    <p class='ocr_par' dir='ltr' id='par_1_2' title="bbox 117 444 1238 534">
     <span class='ocr_line' id='line_1_2' title="bbox 117 444 1238 534; baseline 0.007 -22"><span class='ocrx_word' id='word_1_3' title='bbox 117 447 168 512; x_wconf 85' lang='lat' dir='ltr'><strong>vel</strong></span> <span class='ocrx_word' id='word_1_4' title='bbox 184 445 342 530; x_wconf 84' lang='lat' dir='ltr'><strong>populum·</strong></span> <span class='ocrx_word' id='word_1_5' title='bbox 356 444 474 530; x_wconf 94' lang='lat' dir='ltr'><strong>populo</strong></span> <span class='ocrx_word' id='word_1_6' title='bbox 496 445 586 512; x_wconf 91' lang='lat' dir='ltr'><strong>subdi</strong></span> <span class='ocrx_word' id='word_1_7' title='bbox 610 449 765 531; x_wconf 87' lang='lat' dir='ltr'><strong>potuisse,</strong></span> <span class='ocrx_word' id='word_1_8' title='bbox 782 465 946 534; x_wconf 87' lang='lat' dir='ltr'><strong>negamus.</strong></span> <span class='ocrx_word' id='word_1_9' title='bbox 962 451 1048 520; x_wconf 83' lang='lat' dir='ltr'><strong>llaec</strong></span> <span class='ocrx_word' id='word_1_10' title='bbox 1063 453 1172 520; x_wconf 90' lang='lat' dir='ltr'><strong>omnia</strong></span> <span class='ocrx_word' id='word_1_11' title='bbox 1187 473 1238 520; x_wconf 89' lang='lat' dir='ltr'><strong>re·</strong></span> 
     </span>
    </p>
   </div>
   <div class='ocr_carea' id='block_1_3' title="bbox 10 536 677 626">
    <p class='ocr_par' dir='ltr' id='par_1_3' title="bbox 10 536 677 626">
     <span class='ocr_line' id='line_1_3' title="bbox 10 536 677 626; baseline 0.009 -27"><span class='ocrx_word' id='word_1_12' title='bbox 10 600 15 615; x_wconf 76' lang='grc'><strong>,</strong></span> <span class='ocrx_word' id='word_1_13' title='bbox 117 536 294 602; x_wconf 84' lang='lat' dir='ltr'>scindimus</span> <span class='ocrx_word' id='word_1_14' title='bbox 309 540 405 618; x_wconf 88' lang='lat' dir='ltr'><strong>atque</strong></span> <span class='ocrx_word' id='word_1_15' title='bbox 420 536 609 617; x_wconf 84' lang='lat' dir='ltr'><strong>abrogamus</strong></span> <span class='ocrx_word' id='word_1_16' title='bbox 623 539 634 626; x_wconf 88' lang='lat'><strong>(</strong></span> <span class='ocrx_word' id='word_1_17' title='bbox 654 539 677 625; x_wconf 88' lang='lat'><strong>).</strong></span> 
     </span>
    </p>
   </div>
   <div class='ocr_carea' id='block_1_4' title="bbox 4 623 1325 1064">
    <p class='ocr_par' dir='ltr' id='par_1_4' title="bbox 4 623 1325 1064">
     <span class='ocr_line' id='line_1_4' title="bbox 4 623 1239 714; baseline 0.006 -25"><span class='ocrx_word' id='word_1_18' title='bbox 4 663 14 693; x_wconf 38' lang='lat' dir='ltr'><strong>v.</strong></span> <span class='ocrx_word' id='word_1_19' title='bbox 202 624 343 691; x_wconf 91' lang='lat' dir='ltr'><strong>Summis</strong></span> <span class='ocrx_word' id='word_1_20' title='bbox 352 623 882 714; x_wconf 83' lang='lat' dir='ltr'><strong>lineisdescriptamrevolutionem</strong></span> <span class='ocrx_word' id='word_1_21' title='bbox 890 625 1239 713; x_wconf 86' lang='lat' dir='ltr'><strong>evolvitiamampliori</strong></span> 
     </span>
     <span class='ocr_line' id='line_1_5' title="bbox 9 710 1325 798; baseline -0.001 -20"><span class='ocrx_word' id='word_1_22' title='bbox 9 710 13 724; x_wconf 94' lang='lat'>&#39;</span> <span class='ocrx_word' id='word_1_23' title='bbox 116 715 243 779; x_wconf 88' lang='lat' dir='ltr'><strong>calamo</strong></span> <span class='ocrx_word' id='word_1_24' title='bbox 259 713 456 780; x_wconf 87' lang='lat' dir='ltr'><strong>Berlinensis</strong></span> <span class='ocrx_word' id='word_1_25' title='bbox 470 712 641 795; x_wconf 73' lang='lat' dir='ltr'><strong>professor.</strong></span> <span class='ocrx_word' id='word_1_26' title='bbox 1186 791 1190 798; x_wconf 40' lang='grc'>,</span> <span class='ocrx_word' id='word_1_27' title='bbox 1321 771 1325 777; x_wconf 92' lang='grc'>.</span> 
     </span>
     <span class='ocr_line' id='line_1_6' title="bbox 208 804 1235 890; baseline 0.006 -21"><span class='ocrx_word' id='word_1_28' title='bbox 208 804 268 869; x_wconf 82' lang='lat' dir='ltr'><strong>Xl.</strong></span> <span class='ocrx_word' id='word_1_29' title='bbox 285 804 345 870; x_wconf 82' lang='lat' dir='ltr'><strong>Est</strong></span> <span class='ocrx_word' id='word_1_30' title='bbox 359 804 516 872; x_wconf 80' lang='lat' dir='ltr'><strong>revolutio</strong></span> <span class='ocrx_word' id='word_1_31' title='bbox 528 811 692 886; x_wconf 86' lang='lat' dir='ltr'><strong>peccatum</strong></span> <span class='ocrx_word' id='word_1_32' title='bbox 703 804 842 888; x_wconf 86' lang='lat' dir='ltr'><strong>capitale</strong></span> <span class='ocrx_word' id='word_1_33' title='bbox 851 804 886 870; x_wconf 92' lang='lat' dir='ltr'><strong>in</strong></span> <span class='ocrx_word' id='word_1_34' title='bbox 897 823 933 872; x_wconf 89' lang='lat' dir='ltr'><strong>re</strong></span> <span class='ocrx_word' id='word_1_35' title='bbox 944 805 1033 874; x_wconf 86' lang='lat' dir='ltr'><strong>civili</strong></span> <span class='ocrx_word' id='word_1_36' title='bbox 1041 813 1079 875; x_wconf 88' lang='lat' dir='ltr'><strong>et</strong></span> <span class='ocrx_word' id='word_1_37' title='bbox 1091 808 1235 890; x_wconf 88' lang='lat' dir='ltr'><strong>politica.</strong></span> 
     </span>
     <span class='ocr_line' id='line_1_7' title="bbox 114 891 1238 980; baseline 0.002 -24"><span class='ocrx_word' id='word_1_38' title='bbox 114 891 211 960; x_wconf 77' lang='lat' dir='ltr'><strong>Aliae</strong></span> <span class='ocrx_word' id='word_1_39' title='bbox 222 892 337 959; x_wconf 77' lang='lat' dir='ltr'><strong>adsunt</strong></span> <span class='ocrx_word' id='word_1_40' title='bbox 352 893 652 975; x_wconf 74' lang='lat' dir='ltr'><strong>praevaricationes,</strong></span> <span class='ocrx_word' id='word_1_41' title='bbox 667 893 844 978; x_wconf 84' lang='lat' dir='ltr'><strong>usurpatio,</strong></span> <span class='ocrx_word' id='word_1_42' title='bbox 858 895 1014 980; x_wconf 79' lang='lat' dir='ltr'><strong>tyrannis,</strong></span> <span class='ocrx_word' id='word_1_43' title='bbox 1027 898 1238 972; x_wconf 50' lang='lat' dir='ltr'><strong>conscientia,</strong></span> 
     </span>
     <span class='ocr_line' id='line_1_8' title="bbox 115 980 1239 1064; baseline 0.011 -21"><span class='ocrx_word' id='word_1_44' title='bbox 115 999 191 1045; x_wconf 92' lang='lat' dir='ltr'><strong>rum</strong></span> <span class='ocrx_word' id='word_1_45' title='bbox 203 980 340 1046; x_wconf 83' lang='lat' dir='ltr'><strong>vexatio:</strong></span> <span class='ocrx_word' id='word_1_46' title='bbox 357 981 599 1064; x_wconf 87' lang='lat' dir='ltr'><strong>quaeordinem</strong></span> <span class='ocrx_word' id='word_1_47' title='bbox 614 982 759 1050; x_wconf 89' lang='lat' dir='ltr'><strong>divinum</strong></span> <span class='ocrx_word' id='word_1_48' title='bbox 769 983 917 1049; x_wconf 88' lang='lat' dir='ltr'><strong>scindunt</strong></span> <span class='ocrx_word' id='word_1_49' title='bbox 927 984 1056 1064; x_wconf 84' lang='lat' dir='ltr'><strong>alicubi,</strong></span> <span class='ocrx_word' id='word_1_50' title='bbox 1071 989 1193 1056; x_wconf 92' lang='lat' dir='ltr'><strong>nonita</strong></span> <span class='ocrx_word' id='word_1_51' title='bbox 1204 1009 1239 1055; x_wconf 90' lang='lat' dir='ltr'><strong>c-</strong></span> 
     </span>
    </p>
   </div>
   <div class='ocr_carea' id='block_1_5' title="bbox 4 1069 1238 1154">
    <p class='ocr_par' dir='ltr' id='par_1_5' title="bbox 4 1069 1238 1154">
     <span class='ocr_line' id='line_1_9' title="bbox 4 1069 1238 1154; baseline 0.011 -22"><span class='ocrx_word' id='word_1_52' title='bbox 4 1073 6 1086; x_wconf 90' lang='lat'>&#39;</span> <span class='ocrx_word' id='word_1_53' title='bbox 116 1074 259 1144; x_wconf 87' lang='lat' dir='ltr'><strong>vertunt,</strong></span> <span class='ocrx_word' id='word_1_54' title='bbox 277 1075 315 1138; x_wconf 95' lang='lat' dir='ltr'><strong>ut</strong></span> <span class='ocrx_word' id='word_1_55' title='bbox 329 1088 390 1154; x_wconf 92' lang='lat' dir='ltr'><strong>pro</strong></span> <span class='ocrx_word' id='word_1_56' title='bbox 405 1069 514 1136; x_wconf 90' lang='lat' dir='ltr'><strong>divino</strong></span> <span class='ocrx_word' id='word_1_57' title='bbox 530 1072 655 1150; x_wconf 89' lang='lat' dir='ltr'><strong>ordine,</strong></span> <span class='ocrx_word' id='word_1_58' title='bbox 672 1072 828 1138; x_wconf 86' lang='lat' dir='ltr'><strong>humanus</strong></span> <span class='ocrx_word' id='word_1_59' title='bbox 843 1073 1160 1142; x_wconf 80' lang='lat' dir='ltr'><strong>ordoeonstituatur.</strong></span> <span class='ocrx_word' id='word_1_60' title='bbox 1174 1081 1238 1145; x_wconf 80' lang='lat' dir='ltr'><strong>lia-</strong></span> 
     </span>
    </p>
   </div>
   <div class='ocr_carea' id='block_1_6' title="bbox 4 1149 1240 1508">
    <p class='ocr_par' dir='ltr' id='par_1_6' title="bbox 4 1149 1240 1508">
     <span class='ocr_line' id='line_1_10' title="bbox 116 1149 1239 1242; baseline 0.012 -22"><span class='ocrx_word' id='word_1_61' title='bbox 116 1149 220 1222; x_wconf 88' lang='lat' dir='ltr'><strong>dicale</strong></span> <span class='ocrx_word' id='word_1_62' title='bbox 236 1158 337 1242; x_wconf 90' lang='lat' dir='ltr'><strong>igitur</strong></span> <span class='ocrx_word' id='word_1_63' title='bbox 351 1163 385 1225; x_wconf 90' lang='lat' dir='ltr'><strong>et</strong></span> <span class='ocrx_word' id='word_1_64' title='bbox 400 1160 633 1241; x_wconf 90' lang='lat' dir='ltr'><strong>amplissimum</strong></span> <span class='ocrx_word' id='word_1_65' title='bbox 648 1160 770 1227; x_wconf 80' lang='lat' dir='ltr'><strong>crinmn</strong></span> <span class='ocrx_word' id='word_1_66' title='bbox 786 1161 957 1226; x_wconf 85' lang='lat' dir='ltr'><strong>revolutio.</strong></span> <span class='ocrx_word' id='word_1_67' title='bbox 974 1162 1065 1230; x_wconf 87' lang='lat' dir='ltr'><strong>Nihil</strong></span> <span class='ocrx_word' id='word_1_68' title='bbox 1079 1170 1153 1230; x_wconf 86' lang='lat' dir='ltr'><strong>sunt</strong></span> <span class='ocrx_word' id='word_1_69' title='bbox 1167 1184 1239 1232; x_wconf 89' lang='lat' dir='ltr'><strong>cae·</strong></span> 
     </span>
     <span class='ocr_line' id='line_1_11' title="bbox 117 1247 1240 1353; baseline 0.01 -44"><span class='ocrx_word' id='word_1_70' title='bbox 117 1247 175 1348; x_wconf 79' lang='lat' dir='ltr'><strong>des</strong></span> <span class='ocrx_word' id='word_1_71' title='bbox 183 1248 362 1350; x_wconf 76' lang='lat' dir='ltr'><strong>religiosae,</strong></span> <span class='ocrx_word' id='word_1_72' title='bbox 373 1264 448 1328; x_wconf 89' lang='lat' dir='ltr'><strong>prae</strong></span> <span class='ocrx_word' id='word_1_73' title='bbox 457 1250 660 1353; x_wconf 79' lang='lat' dir='ltr'><strong>systematico</strong></span> <span class='ocrx_word' id='word_1_74' title='bbox 672 1253 797 1353; x_wconf 73' lang='lat' dir='ltr'><strong>terrore</strong></span> <span class='ocrx_word' id='word_1_75' title='bbox 805 1249 881 1314; x_wconf 94' lang='lat' dir='ltr'><strong>anni</strong></span> <span class='ocrx_word' id='word_1_76' title='bbox 891 1247 990 1315; x_wconf 79' lang='lat'><strong>1793:</strong></span> <span class='ocrx_word' id='word_1_77' title='bbox 1001 1250 1035 1315; x_wconf 90' lang='lat' dir='ltr'><strong>in</strong></span> <span class='ocrx_word' id='word_1_78' title='bbox 1044 1253 1155 1336; x_wconf 91' lang='lat' dir='ltr'><strong>populi</strong></span> <span class='ocrx_word' id='word_1_79' title='bbox 1166 1273 1240 1344; x_wconf 66' lang='lat' dir='ltr'><strong>sau-⁴</strong></span> 
     </span>
     <span class='ocr_line' id='line_1_12' title="bbox 4 1334 1239 1508; baseline 0.014 -27"><span class='ocrx_word' id='word_1_80' title='bbox 4 1398 8 1440; x_wconf 67' lang='lat'><strong>²</strong></span> <span class='ocrx_word' id='word_1_81' title='bbox 114 1334 848 1508; x_wconf 37' lang='lat' dir='ltr'><strong>gu¹nssffplgkpgffignzbnlgguge&#39;fflltloffilglurima</strong></span> <span class='ocrx_word' id='word_1_82' title='bbox 863 1425 1000 1508; x_wconf 88' lang='lat' dir='ltr'><strong>contulit</strong></span> <span class='ocrx_word' id='word_1_83' title='bbox 1014 1428 1187 1497; x_wconf 81' lang='lat' dir='ltr'><strong>revolutio?</strong></span> <span class='ocrx_word' id='word_1_84' title='bbox 1195 1432 1239 1498; x_wconf 84' lang='grc' dir='ltr'><strong>Ε-</strong></span> 
     </span>
    </p>
   </div>
   <div class='ocr_carea' id='block_1_7' title="bbox 8 1512 1238 1598">
    <p class='ocr_par' dir='ltr' id='par_1_7' title="bbox 8 1512 1238 1598">
     <span class='ocr_line' id='line_1_13' title="bbox 8 1512 1238 1598; baseline 0.007 -22"><span class='ocrx_word' id='word_1_85' title='bbox 8 1537 11 1542; x_wconf 57' lang='grc'><em>’</em></span> <span class='ocrx_word' id='word_1_86' title='bbox 113 1515 181 1588; x_wconf 90' lang='lat' dir='ltr'><strong>sto;</strong></span> <span class='ocrx_word' id='word_1_87' title='bbox 194 1513 249 1577; x_wconf 90' lang='lat' dir='ltr'><strong>sed</strong></span> <span class='ocrx_word' id='word_1_88' title='bbox 262 1512 345 1578; x_wconf 90' lang='lat' dir='ltr'><strong>male</strong></span> <span class='ocrx_word' id='word_1_89' title='bbox 359 1515 482 1580; x_wconf 89' lang='lat' dir='ltr'><strong>attulit.</strong></span> <span class='ocrx_word' id='word_1_90' title='bbox 491 1514 574 1582; x_wconf 90' lang='lat' dir='ltr'><strong>Nam</strong></span> <span class='ocrx_word' id='word_1_91' title='bbox 586 1520 619 1582; x_wconf 89' lang='lat' dir='ltr'><strong>et</strong></span> <span class='ocrx_word' id='word_1_92' title='bbox 629 1515 713 1583; x_wconf 90' lang='lat' dir='ltr'><strong>bona</strong></span> <span class='ocrx_word' id='word_1_93' title='bbox 724 1515 804 1579; x_wconf 89' lang='lat' dir='ltr'><strong>bene</strong></span> <span class='ocrx_word' id='word_1_94' title='bbox 818 1514 1027 1598; x_wconf 86' lang='lat' dir='ltr'><strong>perquirenda</strong></span> <span class='ocrx_word' id='word_1_95' title='bbox 1039 1523 1125 1592; x_wconf 90' lang='lat' dir='ltr'><strong>sunt,</strong></span> <span class='ocrx_word' id='word_1_96' title='bbox 1136 1526 1170 1585; x_wconf 93' lang='lat' dir='ltr'><strong>et</strong></span> <span class='ocrx_word' id='word_1_97' title='bbox 1182 1521 1238 1585; x_wconf 92' lang='lat' dir='ltr'><strong>bo·</strong></span> 
     </span>
    </p>
   </div>
   <div class='ocr_carea' id='block_1_8' title="bbox 114 1591 1238 1774">
    <p class='ocr_par' dir='ltr' id='par_1_8' title="bbox 114 1591 1238 1774">
     <span class='ocr_line' id='line_1_14' title="bbox 114 1591 1238 1686; baseline 0.006 -20"><span class='ocrx_word' id='word_1_98' title='bbox 114 1617 157 1666; x_wconf 95' lang='lat' dir='ltr'><strong>na</strong></span> <span class='ocrx_word' id='word_1_99' title='bbox 168 1601 235 1684; x_wconf 93' lang='lat' dir='ltr'><strong>ipsa</strong></span> <span class='ocrx_word' id='word_1_100' title='bbox 250 1607 362 1666; x_wconf 87' lang='lat' dir='ltr'><strong>eontra</strong></span> <span class='ocrx_word' id='word_1_101' title='bbox 377 1591 520 1672; x_wconf 85' lang='lat' dir='ltr'><strong>divinum</strong></span> <span class='ocrx_word' id='word_1_102' title='bbox 534 1603 679 1668; x_wconf 82' lang='lat' dir='ltr'><strong>ordinem</strong></span> <span class='ocrx_word' id='word_1_103' title='bbox 694 1602 887 1686; x_wconf 79' lang='lat' dir='ltr'><strong>conquisita,</strong></span> <span class='ocrx_word' id='word_1_104' title='bbox 904 1603 987 1674; x_wconf 76' lang='lat' dir='ltr'><strong>mela</strong></span> <span class='ocrx_word' id='word_1_105' title='bbox 1006 1605 1099 1671; x_wconf 88' lang='lat' dir='ltr'><strong>liunt.</strong></span> <span class='ocrx_word' id='word_1_106' title='bbox 1114 1605 1169 1673; x_wconf 85' lang='lat' dir='ltr'><strong>Sic</strong></span> <span class='ocrx_word' id='word_1_107' title='bbox 1180 1609 1238 1673; x_wconf 88' lang='lat' dir='ltr'><strong>bo·</strong></span> 
     </span>
     <span class='ocr_line' id='line_1_15' title="bbox 117 1689 1237 1774; baseline 0.006 -20"><span class='ocrx_word' id='word_1_108' title='bbox 117 1707 158 1754; x_wconf 90' lang='lat' dir='ltr'><strong>na</strong></span> <span class='ocrx_word' id='word_1_109' title='bbox 170 1696 220 1756; x_wconf 90' lang='lat' dir='ltr'><strong>est</strong></span> <span class='ocrx_word' id='word_1_110' title='bbox 232 1691 360 1756; x_wconf 85' lang='lat' dir='ltr'><strong>libertas</strong></span> <span class='ocrx_word' id='word_1_111' title='bbox 370 1690 486 1768; x_wconf 91' lang='lat' dir='ltr'><strong>civilis,</strong></span> <span class='ocrx_word' id='word_1_112' title='bbox 498 1691 554 1757; x_wconf 90' lang='lat' dir='ltr'><strong>sed</strong></span> <span class='ocrx_word' id='word_1_113' title='bbox 565 1691 599 1758; x_wconf 90' lang='lat' dir='ltr'><strong>in</strong></span> <span class='ocrx_word' id='word_1_114' title='bbox 612 1710 651 1758; x_wconf 90' lang='lat' dir='ltr'><strong>eo</strong></span> <span class='ocrx_word' id='word_1_115' title='bbox 664 1690 759 1766; x_wconf 85' lang='lat' dir='ltr'><strong>mala,</strong></span> <span class='ocrx_word' id='word_1_116' title='bbox 773 1691 859 1774; x_wconf 85' lang='lat' dir='ltr'><strong>quod</strong></span> <span class='ocrx_word' id='word_1_117' title='bbox 870 1693 904 1755; x_wconf 94' lang='lat' dir='ltr'><strong>in</strong></span> <span class='ocrx_word' id='word_1_118' title='bbox 919 1689 1057 1758; x_wconf 88' lang='lat' dir='ltr'><strong>humana</strong></span> <span class='ocrx_word' id='word_1_119' title='bbox 1074 1694 1237 1763; x_wconf 89' lang='lat' dir='ltr'><strong>voluntate</strong></span> 
     </span>
    </p>
   </div>
   <div class='ocr_carea' id='block_1_9' title="bbox 4 1757 1236 1968">
    <p class='ocr_par' dir='ltr' id='par_1_9' title="bbox 4 1757 1236 1968">
     <span class='ocr_line' id='line_1_16' title="bbox 4 1757 1236 1862; baseline 0.007 -21"><span class='ocrx_word' id='word_1_120' title='bbox 4 1757 6 1800; x_wconf 68' lang='lat'>³</span> <span class='ocrx_word' id='word_1_121' title='bbox 113 1780 341 1854; x_wconf 85' lang='lat' dir='ltr'><strong>constituatur,</strong></span> <span class='ocrx_word' id='word_1_122' title='bbox 359 1797 423 1845; x_wconf 93' lang='lat' dir='ltr'><strong>nou</strong></span> <span class='ocrx_word' id='word_1_123' title='bbox 438 1781 474 1846; x_wconf 94' lang='lat' dir='ltr'><strong>in</strong></span> <span class='ocrx_word' id='word_1_124' title='bbox 489 1780 560 1846; x_wconf 90' lang='lat' dir='ltr'><strong>iure</strong></span> <span class='ocrx_word' id='word_1_125' title='bbox 574 1779 696 1846; x_wconf 83' lang='lat' dir='ltr'><strong>divino:</strong></span> <span class='ocrx_word' id='word_1_126' title='bbox 713 1779 789 1846; x_wconf 91' lang='lat' dir='ltr'><strong>binc</strong></span> <span class='ocrx_word' id='word_1_127' title='bbox 804 1779 928 1862; x_wconf 89' lang='lat' dir='ltr'><strong>reliqua</strong></span> <span class='ocrx_word' id='word_1_128' title='bbox 942 1783 1051 1846; x_wconf 91' lang='lat' dir='ltr'><strong>omnia</strong></span> <span class='ocrx_word' id='word_1_129' title='bbox 1067 1784 1101 1846; x_wconf 91' lang='lat' dir='ltr'><strong>in</strong></span> <span class='ocrx_word' id='word_1_130' title='bbox 1118 1785 1236 1850; x_wconf 91' lang='lat' dir='ltr'><strong>malum</strong></span> 
     </span>
     <span class='ocr_line' id='line_1_17' title="bbox 4 1868 1234 1968; baseline 0.005 -36"><span class='ocrx_word' id='word_1_131' title='bbox 4 1939 6 1968; x_wconf 72' lang='lat'><strong>,</strong></span> <span class='ocrx_word' id='word_1_132' title='bbox 111 1869 361 1936; x_wconf 72' lang='lat' dir='ltr'><strong>conversamur</strong></span> <span class='ocrx_word' id='word_1_133' title='bbox 373 1869 465 1936; x_wconf 74' lang='lat' dir='ltr'><strong>exlex</strong></span> <span class='ocrx_word' id='word_1_134' title='bbox 476 1868 661 1935; x_wconf 89' lang='lat' dir='ltr'><strong>monarchia</strong></span> <span class='ocrx_word' id='word_1_135' title='bbox 671 1869 894 1952; x_wconf 83' lang='lat' dir='ltr'><strong>expetebatur:</strong></span> <span class='ocrx_word' id='word_1_136' title='bbox 903 1868 1234 1952; x_wconf 80' lang='lat' dir='ltr'><strong>ipsaquemonarchta,</strong></span> 
     </span>
    </p>
   </div>
   <div class='ocr_carea' id='block_1_10' title="bbox 113 1956 1233 2042">
    <p class='ocr_par' dir='ltr' id='par_1_10' title="bbox 113 1956 1233 2042">
     <span class='ocr_line' id='line_1_18' title="bbox 113 1956 1233 2042; baseline 0.007 -23"><span class='ocrx_word' id='word_1_137' title='bbox 113 1956 274 2026; x_wconf 83' lang='lat' dir='ltr'><strong>libertatis</strong></span> <span class='ocrx_word' id='word_1_138' title='bbox 295 1957 518 2030; x_wconf 77' lang='lat' dir='ltr'><strong>fulcimentum</strong></span> <span class='ocrx_word' id='word_1_139' title='bbox 533 1962 567 2024; x_wconf 91' lang='lat' dir='ltr'><strong>et</strong></span> <span class='ocrx_word' id='word_1_140' title='bbox 582 1957 749 2032; x_wconf 81' lang='lat' dir='ltr'><strong>auxilium,</strong></span> <span class='ocrx_word' id='word_1_141' title='bbox 767 1958 920 2042; x_wconf 85' lang='lat' dir='ltr'><strong>absorpta</strong></span> <span class='ocrx_word' id='word_1_142' title='bbox 931 1962 980 2022; x_wconf 92' lang='lat' dir='ltr'><strong>est</strong></span> <span class='ocrx_word' id='word_1_143' title='bbox 995 1958 1029 2022; x_wconf 92' lang='lat' dir='ltr'><strong>in</strong></span> <span class='ocrx_word' id='word_1_144' title='bbox 1044 1962 1233 2027; x_wconf 87' lang='lat' dir='ltr'><strong>certamine.</strong></span> 
     </span>
    </p>
   </div>
   <div class='ocr_carea' id='block_1_11' title="bbox 4 2045 1238 2130">
    <p class='ocr_par' dir='ltr' id='par_1_11' title="bbox 4 2045 1238 2130">
     <span class='ocr_line' id='line_1_19' title="bbox 4 2045 1238 2130; baseline 0.005 -22"><span class='ocrx_word' id='word_1_145' title='bbox 4 2051 5 2068; x_wconf 66' lang='lat'>¹</span> <span class='ocrx_word' id='word_1_146' title='bbox 113 2045 229 2110; x_wconf 86' lang='lat' dir='ltr'><strong>Tutela</strong></span> <span class='ocrx_word' id='word_1_147' title='bbox 243 2047 452 2128; x_wconf 84' lang='lat' dir='ltr'><strong>quaerebatur</strong></span> <span class='ocrx_word' id='word_1_148' title='bbox 467 2047 662 2130; x_wconf 86' lang='lat' dir='ltr'><strong>plebeiorum</strong></span> <span class='ocrx_word' id='word_1_149' title='bbox 675 2046 709 2112; x_wconf 91' lang='lat' dir='ltr'><strong>in</strong></span> <span class='ocrx_word' id='word_1_150' title='bbox 723 2046 857 2111; x_wconf 84' lang='lat' dir='ltr'><strong>nobiles:</strong></span> <span class='ocrx_word' id='word_1_151' title='bbox 868 2049 901 2111; x_wconf 90' lang='lat' dir='ltr'><strong>ct</strong></span> <span class='ocrx_word' id='word_1_152' title='bbox 912 2045 969 2113; x_wconf 89' lang='lat' dir='ltr'><strong>illa</strong></span> <span class='ocrx_word' id='word_1_153' title='bbox 980 2053 1116 2129; x_wconf 87' lang='lat' dir='ltr'><strong>repente</strong></span> <span class='ocrx_word' id='word_1_154' title='bbox 1126 2050 1160 2114; x_wconf 92' lang='lat' dir='ltr'><strong>in</strong></span> <span class='ocrx_word' id='word_1_155' title='bbox 1172 2051 1238 2116; x_wconf 91' lang='lat' dir='ltr'><strong>bel-</strong></span> 
     </span>
    </p>
   </div>
   <div class='ocr_carea' id='block_1_12' title="bbox 115 2132 1238 2222">
    <p class='ocr_par' dir='ltr' id='par_1_12' title="bbox 115 2132 1238 2222">
     <span class='ocr_line' id='line_1_20' title="bbox 115 2132 1238 2222; baseline 0.007 -26"><span class='ocrx_word' id='word_1_156' title='bbox 115 2132 183 2196; x_wconf 91' lang='lat' dir='ltr'><strong>lum</strong></span> <span class='ocrx_word' id='word_1_157' title='bbox 198 2134 298 2216; x_wconf 85' lang='lat' dir='ltr'><strong>evasit</strong></span> <span class='ocrx_word' id='word_1_158' title='bbox 312 2135 558 2216; x_wconf 88' lang='lat' dir='ltr'><strong>proletarinmm</strong></span> <span class='ocrx_word' id='word_1_159' title='bbox 569 2135 603 2200; x_wconf 89' lang='lat' dir='ltr'><strong>in</strong></span> <span class='ocrx_word' id='word_1_160' title='bbox 615 2134 743 2202; x_wconf 86' lang='lat' dir='ltr'><strong>divites.</strong></span> <span class='ocrx_word' id='word_1_161' title='bbox 753 2135 899 2202; x_wconf 87' lang='lat' dir='ltr'><strong>Libertas</strong></span> <span class='ocrx_word' id='word_1_162' title='bbox 912 2136 1129 2203; x_wconf 87' lang='lat' dir='ltr'><strong>conscientiae</strong></span> <span class='ocrx_word' id='word_1_163' title='bbox 1140 2155 1238 2222; x_wconf 87' lang='lat' dir='ltr'><strong>exop-</strong></span> 
     </span>
    </p>
   </div>
   <div class='ocr_carea' id='block_1_13' title="bbox 115 2221 914 2304">
    <p class='ocr_par' dir='ltr' id='par_1_13' title="bbox 4 2207 914 2312">
     <span class='ocr_line' id='line_1_21' title="bbox 115 2221 914 2304; baseline 0.004 -18.512"><span class='ocrx_word' id='word_1_164' title='bbox 115 2221 257 2288; x_wconf 88' lang='lat' dir='ltr'><strong>tabatur:</strong></span> <span class='ocrx_word' id='word_1_165' title='bbox 275 2221 361 2288; x_wconf 89' lang='lat' dir='ltr'><strong>athei</strong></span> <span class='ocrx_word' id='word_1_166' title='bbox 377 2223 453 2289; x_wconf 87' lang='lat' dir='ltr'><strong>lacti</strong></span> <span class='ocrx_word' id='word_1_167' title='bbox 470 2229 545 2290; x_wconf 91' lang='lat' dir='ltr'><strong>sunt</strong></span> <span class='ocrx_word' id='word_1_168' title='bbox 557 2228 657 2291; x_wconf 91' lang='lat' dir='ltr'><strong>status</strong></span> <span class='ocrx_word' id='word_1_169' title='bbox 673 2228 707 2289; x_wconf 90' lang='lat' dir='ltr'><strong>et</strong></span> <span class='ocrx_word' id='word_1_170' title='bbox 723 2223 914 2304; x_wconf 83' lang='lat' dir='ltr'><strong>legislator.¹</strong></span> 
     </span>
    </p>
   </div>
   <div class='ocr_carea' id='block_1_14' title="bbox 115 2311 1235 2485">
    <p class='ocr_par' dir='ltr' id='par_1_14' title="bbox 115 2311 1235 2485">
     <span class='ocr_line' id='line_1_22' title="bbox 204 2311 1235 2396; baseline 0.004 -20"><span class='ocrx_word' id='word_1_171' title='bbox 204 2311 298 2377; x_wconf 85' lang='lat' dir='ltr'><strong>Xlll.</strong></span> <span class='ocrx_word' id='word_1_172' title='bbox 312 2312 434 2377; x_wconf 86' lang='lat' dir='ltr'><strong>Homm</strong></span> <span class='ocrx_word' id='word_1_173' title='bbox 446 2312 645 2396; x_wconf 85' lang='lat' dir='ltr'><strong>aliorumque</strong></span> <span class='ocrx_word' id='word_1_174' title='bbox 661 2311 830 2378; x_wconf 88' lang='lat' dir='ltr'><strong>ellectnum</strong></span> <span class='ocrx_word' id='word_1_175' title='bbox 841 2329 933 2378; x_wconf 89' lang='lat' dir='ltr'><strong>causa</strong></span> <span class='ocrx_word' id='word_1_176' title='bbox 944 2313 994 2378; x_wconf 90' lang='lat' dir='ltr'><strong>vel</strong></span> <span class='ocrx_word' id='word_1_177' title='bbox 1006 2313 1097 2396; x_wconf 90' lang='lat' dir='ltr'><strong>origo</strong></span> <span class='ocrx_word' id='word_1_178' title='bbox 1111 2316 1190 2381; x_wconf 88' lang='lat' dir='ltr'><strong>latet</strong></span> <span class='ocrx_word' id='word_1_179' title='bbox 1202 2316 1235 2380; x_wconf 91' lang='lat' dir='ltr'><strong>in</strong></span> 
     </span>
     <span class='ocr_line' id='line_1_23' title="bbox 115 2399 1235 2485; baseline 0.004 -21"><span class='ocrx_word' id='word_1_180' title='bbox 115 2399 351 2464; x_wconf 84' lang='lat' dir='ltr'><strong>rationalismo.</strong></span> <span class='ocrx_word' id='word_1_181' title='bbox 369 2401 407 2466; x_wconf 90' lang='lat' dir='ltr'><strong>ld</strong></span> <span class='ocrx_word' id='word_1_182' title='bbox 426 2406 474 2467; x_wconf 90' lang='lat' dir='ltr'><strong>est</strong></span> <span class='ocrx_word' id='word_1_183' title='bbox 488 2400 726 2468; x_wconf 85' lang='lat' dir='ltr'><strong>rationalismus&#39;</strong></span> <span class='ocrx_word' id='word_1_184' title='bbox 739 2400 774 2465; x_wconf 93' lang='lat' dir='ltr'><strong>in</strong></span> <span class='ocrx_word' id='word_1_185' title='bbox 792 2400 961 2483; x_wconf 89' lang='lat' dir='ltr'><strong>religione,</strong></span> <span class='ocrx_word' id='word_1_186' title='bbox 979 2404 1063 2485; x_wconf 90' lang='lat' dir='ltr'><strong>quod</strong></span> <span class='ocrx_word' id='word_1_187' title='bbox 1078 2404 1235 2471; x_wconf 92' lang='lat' dir='ltr'><strong>revolutio</strong></span> 
     </span>
    </p>
   </div>
   <div class='ocr_carea' id='block_1_15' title="bbox 4 2485 1240 2662">
    <p class='ocr_par' dir='ltr' id='par_1_15' title="bbox 4 2475 1240 2662">
     <span class='ocr_line' id='line_1_24' title="bbox 4 2485 1235 2588; baseline 0.006 -38"><span class='ocrx_word' id='word_1_188' title='bbox 4 2485 6 2588; x_wconf 59' lang='grc' dir='ltr'>ζ</span> <span class='ocrx_word' id='word_1_189' title='bbox 114 2487 151 2551; x_wconf 95' lang='lat' dir='ltr'><strong>in</strong></span> <span class='ocrx_word' id='word_1_190' title='bbox 166 2505 202 2551; x_wconf 89' lang='lat' dir='ltr'><strong>re</strong></span> <span class='ocrx_word' id='word_1_191' title='bbox 217 2488 362 2570; x_wconf 86' lang='lat' dir='ltr'><strong>politica.</strong></span> <span class='ocrx_word' id='word_1_192' title='bbox 376 2489 438 2554; x_wconf 86' lang='lat' dir='ltr'><strong>Per</strong></span> <span class='ocrx_word' id='word_1_193' title='bbox 448 2489 704 2556; x_wconf 87' lang='lat' dir='ltr'><strong>rationalismum</strong></span> <span class='ocrx_word' id='word_1_194' title='bbox 719 2490 1049 2572; x_wconf 85' lang='lat' dir='ltr'><strong>emancipaturbomo</strong></span> <span class='ocrx_word' id='word_1_195' title='bbox 1062 2509 1079 2555; x_wconf 92' lang='lat' dir='ltr'><strong>a</strong></span> <span class='ocrx_word' id='word_1_196' title='bbox 1091 2493 1173 2568; x_wconf 86' lang='lat' dir='ltr'><strong>Deo,</strong></span> <span class='ocrx_word' id='word_1_197' title='bbox 1186 2493 1235 2557; x_wconf 90' lang='lat' dir='ltr'><strong>di-</strong></span> 
     </span>
     <span class='ocr_line' id='line_1_25' title="bbox 4 2576 1240 2662; baseline 0.006 -23"><span class='ocrx_word' id='word_1_198' title='bbox 4 2595 5 2606; x_wconf 54' lang='lat'><em>*</em></span> <span class='ocrx_word' id='word_1_199' title='bbox 115 2576 226 2640; x_wconf 91' lang='lat' dir='ltr'><strong>vinum</strong></span> <span class='ocrx_word' id='word_1_200' title='bbox 246 2577 391 2644; x_wconf 87' lang='lat' dir='ltr'><strong>ordinem</strong></span> <span class='ocrx_word' id='word_1_201' title='bbox 414 2577 628 2661; x_wconf 75' lang='lat' dir='ltr'><strong>perfringens,</strong></span> <span class='ocrx_word' id='word_1_202' title='bbox 647 2577 753 2643; x_wconf 85' lang='lat' dir='ltr'><strong>vivens</strong></span> <span class='ocrx_word' id='word_1_203' title='bbox 774 2577 849 2654; x_wconf 90' lang='lat' dir='ltr'><strong>sibi,</strong></span> <span class='ocrx_word' id='word_1_204' title='bbox 867 2577 948 2642; x_wconf 91' lang='lat' dir='ltr'><strong>nibil</strong></span> <span class='ocrx_word' id='word_1_205' title='bbox 970 2585 1240 2662; x_wconf 80' lang='lat' dir='ltr'><strong>qrvaercnscxtra·</strong></span> 
     </span>
    </p>
   </div>
   <div class='ocr_carea' id='block_1_16' title="bbox 5 2664 1238 2841">
    <p class='ocr_par' dir='ltr' id='par_1_16' title="bbox 5 2664 1238 2841">
     <span class='ocr_line' id='line_1_26' title="bbox 5 2664 1238 2750; baseline 0.006 -23"><span class='ocrx_word' id='word_1_206' title='bbox 5 2735 6 2750; x_wconf 12' lang='grc' dir='ltr'>χ</span> <span class='ocrx_word' id='word_1_207' title='bbox 113 2664 264 2748; x_wconf 88' lang='lat' dir='ltr'><strong>seipsum.</strong></span> <span class='ocrx_word' id='word_1_208' title='bbox 282 2667 384 2733; x_wconf 84' lang='lat' dir='ltr'><strong>Docet</strong></span> <span class='ocrx_word' id='word_1_209' title='bbox 398 2666 634 2732; x_wconf 86' lang='lat' dir='ltr'><strong>rationalismus</strong></span> <span class='ocrx_word' id='word_1_210' title='bbox 650 2684 714 2734; x_wconf 91' lang='lat' dir='ltr'><strong>non</strong></span> <span class='ocrx_word' id='word_1_211' title='bbox 730 2666 874 2748; x_wconf 90' lang='lat' dir='ltr'><strong>indigere</strong></span> <span class='ocrx_word' id='word_1_212' title='bbox 889 2667 1238 2736; x_wconf 86' lang='lat' dir='ltr'><strong>bominemrcvelatio·</strong></span> 
     </span>
     <span class='ocr_line' id='line_1_27' title="bbox 5 2753 1237 2841; baseline 0.006 -24"><span class='ocrx_word' id='word_1_213' title='bbox 5 2753 7 2780; x_wconf 75' lang='lat'>²</span> <span class='ocrx_word' id='word_1_214' title='bbox 115 2771 169 2829; x_wconf 88' lang='lat' dir='ltr'><strong>nc,</strong></span> <span class='ocrx_word' id='word_1_215' title='bbox 186 2756 270 2838; x_wconf 86' lang='lat' dir='ltr'><strong>quod</strong></span> <span class='ocrx_word' id='word_1_216' title='bbox 284 2755 372 2822; x_wconf 88' lang='lat' dir='ltr'><strong>ratio</strong></span> <span class='ocrx_word' id='word_1_217' title='bbox 379 2755 536 2820; x_wconf 87' lang='lat' dir='ltr'><strong>sufficiens</strong></span> <span class='ocrx_word' id='word_1_218' title='bbox 547 2756 602 2832; x_wconf 89' lang='lat' dir='ltr'><strong>sit;</strong></span> <span class='ocrx_word' id='word_1_219' title='bbox 621 2773 679 2821; x_wconf 89' lang='lat' dir='ltr'><strong>nec</strong></span> <span class='ocrx_word' id='word_1_220' title='bbox 690 2755 750 2821; x_wconf 77' lang='lat' dir='ltr'><strong>liei</strong></span> <span class='ocrx_word' id='word_1_221' title='bbox 761 2754 877 2837; x_wconf 90' lang='lat' dir='ltr'><strong>gratia,</strong></span> <span class='ocrx_word' id='word_1_222' title='bbox 891 2774 989 2837; x_wconf 85' lang='lat' dir='ltr'><strong>quum</strong></span> <span class='ocrx_word' id='word_1_223' title='bbox 1001 2761 1050 2823; x_wconf 87' lang='lat' dir='ltr'><strong>sat</strong></span> <span class='ocrx_word' id='word_1_224' title='bbox 1061 2759 1153 2824; x_wconf 87' lang='lat' dir='ltr'><strong>lirma</strong></span> <span class='ocrx_word' id='word_1_225' title='bbox 1164 2777 1237 2841; x_wconf 89' lang='lat' dir='ltr'><strong>per·</strong></span> 
     </span>
    </p>
   </div>
   <div class='ocr_carea' id='block_1_17' title="bbox 5 2841 1237 2928">
    <p class='ocr_par' dir='ltr' id='par_1_17' title="bbox 5 2841 1237 2928">
     <span class='ocr_line' id='line_1_28' title="bbox 5 2841 1237 2928; baseline 0.003 -22"><span class='ocrx_word' id='word_1_226' title='bbox 5 2845 6 2854; x_wconf 77' lang='grc'>’</span> <span class='ocrx_word' id='word_1_227' title='bbox 113 2847 179 2906; x_wconf 85' lang='lat' dir='ltr'><strong>stet</strong></span> <span class='ocrx_word' id='word_1_228' title='bbox 195 2844 353 2920; x_wconf 88' lang='lat' dir='ltr'><strong>voluntas;</strong></span> <span class='ocrx_word' id='word_1_229' title='bbox 365 2861 423 2908; x_wconf 91' lang='lat' dir='ltr'><strong>nec</strong></span> <span class='ocrx_word' id='word_1_230' title='bbox 434 2843 500 2926; x_wconf 92' lang='lat' dir='ltr'><strong>ipsa</strong></span> <span class='ocrx_word' id='word_1_231' title='bbox 511 2844 648 2927; x_wconf 86' lang='lat' dir='ltr'><strong>denique</strong></span> <span class='ocrx_word' id='word_1_232' title='bbox 659 2842 777 2911; x_wconf 83' lang='lat' dir='ltr'><strong>Glrristi</strong></span> <span class='ocrx_word' id='word_1_233' title='bbox 792 2841 988 2924; x_wconf 83' lang='lat' dir='ltr'><strong>expiatione,</strong></span> <span class='ocrx_word' id='word_1_234' title='bbox 1002 2865 1101 2928; x_wconf 85' lang='lat' dir='ltr'><strong>quum</strong></span> <span class='ocrx_word' id='word_1_235' title='bbox 1112 2848 1237 2913; x_wconf 90' lang='lat' dir='ltr'><strong>bomini</strong></span> 
     </span>
    </p>
   </div>
   <div class='ocr_carea' id='block_1_18' title="bbox 115 2930 1238 3019">
    <p class='ocr_par' dir='ltr' id='par_1_18' title="bbox 115 2930 1238 3019">
     <span class='ocr_line' id='line_1_29' title="bbox 115 2930 1238 3019; baseline 0.007 -27"><span class='ocrx_word' id='word_1_236' title='bbox 115 2935 259 2997; x_wconf 86' lang='lat' dir='ltr'><strong>aratura</strong></span> <span class='ocrx_word' id='word_1_237' title='bbox 275 2933 355 2997; x_wconf 91' lang='lat' dir='ltr'><strong>bene</strong></span> <span class='ocrx_word' id='word_1_238' title='bbox 369 2939 403 2998; x_wconf 93' lang='lat' dir='ltr'><strong>et</strong></span> <span class='ocrx_word' id='word_1_239' title='bbox 417 2950 474 3014; x_wconf 91' lang='lat' dir='ltr'><strong>per</strong></span> <span class='ocrx_word' id='word_1_240' title='bbox 481 2933 595 2997; x_wconf 90' lang='lat' dir='ltr'><strong>omnia</strong></span> <span class='ocrx_word' id='word_1_241' title='bbox 612 2932 772 3014; x_wconf 89' lang='lat' dir='ltr'><strong>provisum</strong></span> <span class='ocrx_word' id='word_1_242' title='bbox 791 2930 901 2997; x_wconf 85' lang='lat' dir='ltr'><strong>luerit.</strong></span> <span class='ocrx_word' id='word_1_243' title='bbox 919 2933 1032 2998; x_wconf 84' lang='lat' dir='ltr'><strong>Mundi</strong></span> <span class='ocrx_word' id='word_1_244' title='bbox 1048 2935 1174 3019; x_wconf 87' lang='lat' dir='ltr'><strong>quoque</strong></span> <span class='ocrx_word' id='word_1_245' title='bbox 1190 2935 1238 3000; x_wconf 92' lang='lat' dir='ltr'><strong>ul-</strong></span> 
     </span>
    </p>
   </div>
   <div class='ocr_carea' id='block_1_19' title="bbox 5 3018 1237 3193">
    <p class='ocr_par' dir='ltr' id='par_1_19' title="bbox 5 3018 1237 3193">
     <span class='ocr_line' id='line_1_30' title="bbox 5 3018 1237 3097; baseline 0.002 -13"><span class='ocrx_word' id='word_1_246' title='bbox 5 3023 6 3030; x_wconf 78' lang='grc'>’</span> <span class='ocrx_word' id='word_1_247' title='bbox 115 3019 212 3084; x_wconf 88' lang='lat' dir='ltr'><strong>timas</strong></span> <span class='ocrx_word' id='word_1_248' title='bbox 226 3020 382 3096; x_wconf 88' lang='lat' dir='ltr'><strong>rationes,</strong></span> <span class='ocrx_word' id='word_1_249' title='bbox 398 3020 446 3086; x_wconf 91' lang='lat' dir='ltr'><strong>vel</strong></span> <span class='ocrx_word' id='word_1_250' title='bbox 462 3038 582 3097; x_wconf 80' lang='lat' dir='ltr'><strong>musas,</strong></span> <span class='ocrx_word' id='word_1_251' title='bbox 600 3019 702 3086; x_wconf 85' lang='lat' dir='ltr'><strong>audax</strong></span> <span class='ocrx_word' id='word_1_252' title='bbox 714 3018 951 3086; x_wconf 90' lang='lat' dir='ltr'><strong>rationalismus</strong></span> <span class='ocrx_word' id='word_1_253' title='bbox 966 3020 1000 3085; x_wconf 92' lang='lat' dir='ltr'><strong>iu</strong></span> <span class='ocrx_word' id='word_1_254' title='bbox 1017 3021 1174 3088; x_wconf 87' lang='lat' dir='ltr'><strong>humanae</strong></span> <span class='ocrx_word' id='word_1_255' title='bbox 1186 3040 1237 3087; x_wconf 91' lang='lat' dir='ltr'><strong>ra-</strong></span> 
     </span>
     <span class='ocr_line' id='line_1_31' title="bbox 5 3107 1237 3193; baseline 0.006 -24"><span class='ocrx_word' id='word_1_256' title='bbox 5 3107 6 3138; x_wconf 77' lang='lat'>³</span> <span class='ocrx_word' id='word_1_257' title='bbox 115 3107 216 3171; x_wconf 90' lang='lat' dir='ltr'><strong>tionis</strong></span> <span class='ocrx_word' id='word_1_258' title='bbox 230 3107 262 3174; x_wconf 92' lang='lat' dir='ltr'><strong>vi</strong></span> <span class='ocrx_word' id='word_1_259' title='bbox 277 3108 458 3184; x_wconf 87' lang='lat' dir='ltr'><strong>constituit,</strong></span> <span class='ocrx_word' id='word_1_260' title='bbox 476 3109 592 3193; x_wconf 89' lang='lat' dir='ltr'><strong>ubique</strong></span> <span class='ocrx_word' id='word_1_261' title='bbox 611 3109 755 3184; x_wconf 77' lang='lat' dir='ltr'><strong>diffusae,</strong></span> <span class='ocrx_word' id='word_1_262' title='bbox 774 3107 911 3188; x_wconf 90' lang='lat' dir='ltr'><strong>seipsam</strong></span> <span class='ocrx_word' id='word_1_263' title='bbox 927 3109 974 3174; x_wconf 90' lang='lat' dir='ltr'><strong>ita</strong></span> <span class='ocrx_word' id='word_1_264' title='bbox 990 3111 1165 3177; x_wconf 87' lang='lat' dir='ltr'><strong>evolventis</strong></span> <span class='ocrx_word' id='word_1_265' title='bbox 1180 3129 1237 3193; x_wconf 91' lang='lat' dir='ltr'><strong>per</strong></span> 
     </span>
    </p>
   </div>
   <div class='ocr_carea' id='block_1_20' title="bbox 114 3195 1316 3900">
    <p class='ocr_par' dir='ltr' id='par_1_20' title="bbox 114 3195 1316 3900">
     <span class='ocr_line' id='line_1_32' title="bbox 117 3195 1237 3281; baseline 0.005 -23"><span class='ocrx_word' id='word_1_266' title='bbox 117 3195 268 3276; x_wconf 91' lang='lat' dir='ltr'><strong>spiritum</strong></span> <span class='ocrx_word' id='word_1_267' title='bbox 280 3203 375 3281; x_wconf 82' lang='lat' dir='ltr'><strong>atque</strong></span> <span class='ocrx_word' id='word_1_268' title='bbox 391 3198 571 3274; x_wconf 87' lang='lat' dir='ltr'><strong>materiam,</strong></span> <span class='ocrx_word' id='word_1_269' title='bbox 589 3202 625 3264; x_wconf 90' lang='lat' dir='ltr'><strong>ut</strong></span> <span class='ocrx_word' id='word_1_270' title='bbox 641 3197 782 3263; x_wconf 90' lang='lat' dir='ltr'><strong>eiusdem</strong></span> <span class='ocrx_word' id='word_1_271' title='bbox 797 3196 862 3262; x_wconf 92' lang='lat' dir='ltr'><strong>sint</strong></span> <span class='ocrx_word' id='word_1_272' title='bbox 876 3198 1095 3262; x_wconf 85' lang='lat' dir='ltr'><strong>emanationes</strong></span> <span class='ocrx_word' id='word_1_273' title='bbox 1110 3198 1237 3271; x_wconf 85' lang='lat' dir='ltr'><strong>animae</strong></span> 
     </span>
     <span class='ocr_line' id='line_1_33' title="bbox 117 3283 1236 3368; baseline 0.005 -21"><span class='ocrx_word' id='word_1_274' title='bbox 117 3288 152 3348; x_wconf 88' lang='lat' dir='ltr'><strong>ct</strong></span> <span class='ocrx_word' id='word_1_275' title='bbox 167 3302 311 3368; x_wconf 89' lang='lat' dir='ltr'><strong>corpora:</strong></span> <span class='ocrx_word' id='word_1_276' title='bbox 329 3286 589 3352; x_wconf 86' lang='lat' dir='ltr'><strong>coniunctissima</strong></span> <span class='ocrx_word' id='word_1_277' title='bbox 611 3291 686 3353; x_wconf 90' lang='lat' dir='ltr'><strong>sunt</strong></span> <span class='ocrx_word' id='word_1_278' title='bbox 700 3283 952 3360; x_wconf 84' lang='lat' dir='ltr'><strong>rationalismus,</strong></span> <span class='ocrx_word' id='word_1_279' title='bbox 970 3287 1189 3367; x_wconf 87' lang='lat' dir='ltr'><strong>pantheismus</strong></span> <span class='ocrx_word' id='word_1_280' title='bbox 1203 3292 1236 3353; x_wconf 89' lang='lat' dir='ltr'><strong>et</strong></span> 
     </span>
     <span class='ocr_line' id='line_1_34' title="bbox 116 3373 1316 3440; baseline 0.006 -6"><span class='ocrx_word' id='word_1_281' title='bbox 116 3373 373 3440; x_wconf 90' lang='lat' dir='ltr'><strong>materialismus.</strong></span> <span class='ocrx_word' id='word_1_282' title='bbox 543 3425 548 3434; x_wconf 94' lang='lat'>.</span> <span class='ocrx_word' id='word_1_283' title='bbox 1312 3387 1316 3394; x_wconf 86' lang='grc'><em>“</em></span> 
     </span>
     <span class='ocr_line' id='line_1_35' title="bbox 205 3461 1237 3530; baseline -0.001 -2"><span class='ocrx_word' id='word_1_284' title='bbox 205 3463 294 3529; x_wconf 85' lang='lat' dir='ltr'><strong>XlV.</strong></span> <span class='ocrx_word' id='word_1_285' title='bbox 311 3461 452 3530; x_wconf 82' lang='lat' dir='ltr'><strong>Maxime</strong></span> <span class='ocrx_word' id='word_1_286' title='bbox 464 3464 570 3528; x_wconf 89' lang='lat' dir='ltr'><strong>autem</strong></span> <span class='ocrx_word' id='word_1_287' title='bbox 582 3462 820 3528; x_wconf 89' lang='lat' dir='ltr'><strong>discriminatur</strong></span> <span class='ocrx_word' id='word_1_288' title='bbox 831 3461 1036 3527; x_wconf 83' lang='lat' dir='ltr'><strong>incredulitas</strong></span> <span class='ocrx_word' id='word_1_289' title='bbox 1051 3468 1084 3530; x_wconf 85' lang='lat' dir='ltr'><strong>et</strong></span> <span class='ocrx_word' id='word_1_290' title='bbox 1096 3463 1237 3528; x_wconf 89' lang='lat' dir='ltr'><strong>rationa-</strong></span> 
     </span>
     <span class='ocr_line' id='line_1_36' title="bbox 117 3549 1238 3626; baseline 0.002 -12"><span class='ocrx_word' id='word_1_291' title='bbox 117 3549 240 3615; x_wconf 89' lang='lat' dir='ltr'><strong>lismus.</strong></span> <span class='ocrx_word' id='word_1_292' title='bbox 258 3551 414 3617; x_wconf 88' lang='lat' dir='ltr'><strong>lnereduli</strong></span> <span class='ocrx_word' id='word_1_293' title='bbox 436 3549 571 3616; x_wconf 79' lang='lat' dir='ltr'><strong>fortasse</strong></span> <span class='ocrx_word' id='word_1_294' title='bbox 586 3552 747 3616; x_wconf 84' lang='lat' dir='ltr'><strong>Pharisaei</strong></span> <span class='ocrx_word' id='word_1_295' title='bbox 764 3557 797 3617; x_wconf 90' lang='lat' dir='ltr'><strong>et</strong></span> <span class='ocrx_word' id='word_1_296' title='bbox 808 3550 997 3626; x_wconf 83' lang='lat' dir='ltr'><strong>Sadducaei,</strong></span> <span class='ocrx_word' id='word_1_297' title='bbox 1015 3552 1238 3617; x_wconf 90' lang='lat' dir='ltr'><strong>nonrationa-</strong></span> 
     </span>
     <span class='ocr_line' id='line_1_37' title="bbox 116 3639 1236 3716; baseline 0.003 -13"><span class='ocrx_word' id='word_1_298' title='bbox 116 3639 221 3703; x_wconf 88' lang='lat' dir='ltr'><strong>listae.</strong></span> <span class='ocrx_word' id='word_1_299' title='bbox 238 3639 486 3704; x_wconf 85' lang='lat' dir='ltr'><strong>Rationalismus</strong></span> <span class='ocrx_word' id='word_1_300' title='bbox 502 3658 565 3704; x_wconf 93' lang='lat' dir='ltr'><strong>non</strong></span> <span class='ocrx_word' id='word_1_301' title='bbox 583 3643 704 3704; x_wconf 90' lang='lat' dir='ltr'><strong>tantum</strong></span> <span class='ocrx_word' id='word_1_302' title='bbox 715 3639 842 3704; x_wconf 87' lang='lat' dir='ltr'><strong>delectu</strong></span> <span class='ocrx_word' id='word_1_303' title='bbox 857 3645 905 3704; x_wconf 91' lang='lat' dir='ltr'><strong>est</strong></span> <span class='ocrx_word' id='word_1_304' title='bbox 922 3639 995 3704; x_wconf 86' lang='lat' dir='ltr'><strong>fidei</strong></span> <span class='ocrx_word' id='word_1_305' title='bbox 1007 3639 1041 3703; x_wconf 92' lang='lat' dir='ltr'><strong>in</strong></span> <span class='ocrx_word' id='word_1_306' title='bbox 1054 3641 1167 3716; x_wconf 74' lang='lat' dir='ltr'><strong>Deum</strong></span> <span class='ocrx_word' id='word_1_307' title='bbox 1183 3642 1236 3706; x_wconf 89' lang='lat' dir='ltr'><strong>sed</strong></span> 
     </span>
     <span class='ocr_line' id='line_1_38' title="bbox 114 3727 1236 3810; baseline 0.005 -21"><span class='ocrx_word' id='word_1_308' title='bbox 114 3728 260 3806; x_wconf 81' lang='lat' dir='ltr'><strong>opposite</strong></span> <span class='ocrx_word' id='word_1_309' title='bbox 273 3729 346 3810; x_wconf 75' lang='lat' dir='ltr'><strong>pidet</strong></span> <span class='ocrx_word' id='word_1_310' title='bbox 357 3729 393 3792; x_wconf 81' lang='lat' dir='ltr'><strong>in</strong></span> <span class='ocrx_word' id='word_1_311' title='bbox 406 3727 574 3795; x_wconf 80' lang='lat' dir='ltr'><strong>bominem.</strong></span> <span class='ocrx_word' id='word_1_312' title='bbox 589 3728 770 3810; x_wconf 64' lang='lat' dir='ltr'><strong>aliqualem</strong></span> <span class='ocrx_word' id='word_1_313' title='bbox 781 3727 941 3794; x_wconf 86' lang='lat' dir='ltr'><strong>interdum</strong></span> <span class='ocrx_word' id='word_1_314' title='bbox 957 3727 1151 3794; x_wconf 84' lang='lat' dir='ltr'><strong>christianae</strong></span> <span class='ocrx_word' id='word_1_315' title='bbox 1162 3730 1236 3795; x_wconf 87' lang='lat' dir='ltr'><strong>fidei</strong></span> 
     </span>
     <span class='ocr_line' id='line_1_39' title="bbox 115 3815 1235 3900; baseline 0.006 -22"><span class='ocrx_word' id='word_1_316' title='bbox 115 3816 254 3898; x_wconf 88' lang='lat' dir='ltr'><strong>speeiem</strong></span> <span class='ocrx_word' id='word_1_317' title='bbox 270 3815 374 3883; x_wconf 90' lang='lat' dir='ltr'><strong>induit</strong></span> <span class='ocrx_word' id='word_1_318' title='bbox 389 3816 638 3894; x_wconf 90' lang='lat' dir='ltr'><strong>rationalismns,</strong></span> <span class='ocrx_word' id='word_1_319' title='bbox 654 3816 708 3882; x_wconf 86' lang='lat' dir='ltr'><strong>sed</strong></span> <span class='ocrx_word' id='word_1_320' title='bbox 724 3817 758 3881; x_wconf 90' lang='lat' dir='ltr'><strong>in</strong></span> <span class='ocrx_word' id='word_1_321' title='bbox 773 3816 822 3881; x_wconf 91' lang='lat' dir='ltr'><strong>sui</strong></span> <span class='ocrx_word' id='word_1_322' title='bbox 838 3816 1024 3883; x_wconf 86' lang='lat' dir='ltr'><strong>maturitate</strong></span> <span class='ocrx_word' id='word_1_323' title='bbox 1038 3817 1235 3900; x_wconf 80' lang='lat' dir='ltr'><strong>‚originalem</strong></span> 
     </span>
    </p>
   </div>
   <div class='ocr_carea' id='block_1_21' title="bbox 118 4010 1239 4540">
    <p class='ocr_par' dir='ltr' id='par_1_21' title="bbox 118 4010 1239 4540">
     <span class='ocr_line' id='line_1_40' title="bbox 195 4010 1237 4088; baseline 0 -17"><span class='ocrx_word' id='word_1_324' title='bbox 195 4012 236 4088; x_wconf 80' lang='lat' dir='ltr'><strong>(ol</strong></span> <span class='ocrx_word' id='word_1_325' title='bbox 253 4013 370 4070; x_wconf 81' lang='lat' dir='ltr'><strong>larvata</strong></span> <span class='ocrx_word' id='word_1_326' title='bbox 380 4011 447 4070; x_wconf 77' lang='lat' dir='ltr'><strong>faeie</strong></span> <span class='ocrx_word' id='word_1_327' title='bbox 457 4019 629 4086; x_wconf 86' lang='lat' dir='ltr'><strong>processerat</strong></span> <span class='ocrx_word' id='word_1_328' title='bbox 638 4010 858 4084; x_wconf 86' lang='lat' dir='ltr'><strong>revolutio.Quid</strong></span> <span class='ocrx_word' id='word_1_329' title='bbox 868 4012 1185 4080; x_wconf 82' lang='lat' dir='ltr'><strong>illaParisiensisuarina</strong></span> <span class='ocrx_word' id='word_1_330' title='bbox 1196 4013 1237 4073; x_wconf 84' lang='lat' dir='ltr'><strong>vel</strong></span> 
     </span>
     <span class='ocr_line' id='line_1_41' title="bbox 118 4086 1238 4164; baseline -0.001 -17"><span class='ocrx_word' id='word_1_331' title='bbox 118 4086 239 4158; x_wconf 85' lang='lat' dir='ltr'><strong>civilius,</strong></span> <span class='ocrx_word' id='word_1_332' title='bbox 254 4091 332 4146; x_wconf 85' lang='lat' dir='ltr'><strong>cuius</strong></span> <span class='ocrx_word' id='word_1_333' title='bbox 351 4087 408 4146; x_wconf 81' lang='lat' dir='ltr'><strong>dur</strong></span> <span class='ocrx_word' id='word_1_334' title='bbox 421 4088 575 4147; x_wconf 80' lang='lat' dir='ltr'><strong>ludovicus</strong></span> <span class='ocrx_word' id='word_1_335' title='bbox 587 4087 727 4162; x_wconf 81' lang='lat' dir='ltr'><strong>Philippus</strong></span> <span class='ocrx_word' id='word_1_336' title='bbox 741 4089 945 4147; x_wconf 76' lang='lat' dir='ltr'><strong>Aurelianensis</strong></span> <span class='ocrx_word' id='word_1_337' title='bbox 957 4104 1030 4146; x_wconf 89' lang='lat' dir='ltr'><strong>anno</strong></span> <span class='ocrx_word' id='word_1_338' title='bbox 1043 4090 1178 4164; x_wconf 69' lang='lat' dir='ltr'><strong>retonat</strong></span> <span class='ocrx_word' id='word_1_339' title='bbox 1187 4105 1238 4146; x_wconf 89' lang='lat' dir='ltr'><strong>arr·</strong></span> 
     </span>
     <span class='ocr_line' id='line_1_42' title="bbox 119 4163 1237 4223; baseline 0.001 -2"><span class='ocrx_word' id='word_1_340' title='bbox 119 4180 157 4221; x_wconf 89' lang='lat' dir='ltr'><strong>no</strong></span> <span class='ocrx_word' id='word_1_341' title='bbox 172 4166 242 4222; x_wconf 81' lang='lat' dir='ltr'><strong>ltlt</strong></span> <span class='ocrx_word' id='word_1_342' title='bbox 254 4165 312 4222; x_wconf 87' lang='lat' dir='ltr'><strong>eiua</strong></span> <span class='ocrx_word' id='word_1_343' title='bbox 329 4163 420 4222; x_wconf 89' lang='lat' dir='ltr'><strong>lutura</strong></span> <span class='ocrx_word' id='word_1_344' title='bbox 433 4172 494 4222; x_wconf 86' lang='lat' dir='ltr'><strong>erat</strong></span> <span class='ocrx_word' id='word_1_345' title='bbox 507 4163 630 4223; x_wconf 83' lang='lat' dir='ltr'><strong>victima?</strong></span> <span class='ocrx_word' id='word_1_346' title='bbox 644 4168 772 4223; x_wconf 73' lang='lat' dir='ltr'><strong>alumen</strong></span> <span class='ocrx_word' id='word_1_347' title='bbox 784 4165 908 4222; x_wconf 86' lang='lat' dir='ltr'><strong>eiusdem</strong></span> <span class='ocrx_word' id='word_1_348' title='bbox 922 4166 984 4222; x_wconf 89' lang='lat' dir='ltr'><strong>anni</strong></span> <span class='ocrx_word' id='word_1_349' title='bbox 1002 4168 1073 4223; x_wconf 83' lang='grc'>1830</span> <span class='ocrx_word' id='word_1_350' title='bbox 1085 4163 1237 4222; x_wconf 88' lang='lat' dir='ltr'><strong>nonillibe·</strong></span> 
     </span>
     <span class='ocr_line' id='line_1_43' title="bbox 118 4238 1239 4312; baseline 0 -15"><span class='ocrx_word' id='word_1_351' title='bbox 118 4239 187 4298; x_wconf 86' lang='lat' dir='ltr'><strong>ralis</strong></span> <span class='ocrx_word' id='word_1_352' title='bbox 200 4241 319 4310; x_wconf 80' lang='lat' dir='ltr'><strong>scriptor</strong></span> <span class='ocrx_word' id='word_1_353' title='bbox 335 4239 404 4296; x_wconf 90' lang='lat' dir='ltr'><strong>lraee</strong></span> <span class='ocrx_word' id='word_1_354' title='bbox 414 4239 485 4296; x_wconf 86' lang='lat' dir='ltr'><strong>illius</strong></span> <span class='ocrx_word' id='word_1_355' title='bbox 494 4239 679 4311; x_wconf 85' lang='lat' dir='ltr'><strong>descripserat</strong></span> <span class='ocrx_word' id='word_1_356' title='bbox 685 4239 941 4312; x_wconf 81' lang='lat' dir='ltr'><strong>principia:llellum</strong></span> <span class='ocrx_word' id='word_1_357' title='bbox 953 4241 979 4297; x_wconf 92' lang='lat' dir='ltr'><strong>in</strong></span> <span class='ocrx_word' id='word_1_358' title='bbox 987 4238 1186 4312; x_wconf 85' lang='lat' dir='ltr'><strong>legitimitatem</strong></span> <span class='ocrx_word' id='word_1_359' title='bbox 1195 4239 1239 4297; x_wconf 88' lang='lat' dir='ltr'><strong>di·</strong></span> 
     </span>
     <span class='ocr_line' id='line_1_44' title="bbox 118 4313 1238 4389; baseline -0.001 -19"><span class='ocrx_word' id='word_1_360' title='bbox 118 4316 219 4386; x_wconf 79' lang='lat' dir='ltr'><strong>vinam3</strong></span> <span class='ocrx_word' id='word_1_361' title='bbox 240 4315 266 4372; x_wconf 91' lang='lat' dir='ltr'><strong>in</strong></span> <span class='ocrx_word' id='word_1_362' title='bbox 279 4313 476 4387; x_wconf 88' lang='lat' dir='ltr'><strong>legitimitatem</strong></span> <span class='ocrx_word' id='word_1_363' title='bbox 487 4315 645 4389; x_wconf 84' lang='lat' dir='ltr'><strong>humanam3</strong></span> <span class='ocrx_word' id='word_1_364' title='bbox 661 4317 687 4373; x_wconf 92' lang='lat' dir='ltr'><strong>in</strong></span> <span class='ocrx_word' id='word_1_365' title='bbox 698 4316 739 4372; x_wconf 88' lang='lat' dir='ltr'><strong>ios</strong></span> <span class='ocrx_word' id='word_1_366' title='bbox 749 4313 879 4383; x_wconf 67' lang='lat' dir='ltr'><strong>divinum</strong></span> <span class='ocrx_word' id='word_1_367' title='bbox 888 4317 913 4372; x_wconf 90' lang='lat' dir='ltr'><strong>in</strong></span> <span class='ocrx_word' id='word_1_368' title='bbox 924 4317 966 4372; x_wconf 89' lang='lat' dir='ltr'><strong>ius</strong></span> <span class='ocrx_word' id='word_1_369' title='bbox 980 4315 1141 4385; x_wconf 85' lang='lat' dir='ltr'><strong>humanum,</strong></span> <span class='ocrx_word' id='word_1_370' title='bbox 1153 4315 1180 4369; x_wconf 88' lang='lat' dir='ltr'><strong>in</strong></span> <span class='ocrx_word' id='word_1_371' title='bbox 1191 4329 1238 4370; x_wconf 88' lang='lat' dir='ltr'><strong>aa·</strong></span> 
     </span>
     <span class='ocr_line' id='line_1_45' title="bbox 118 4388 1238 4464; baseline 0 -18"><span class='ocrx_word' id='word_1_372' title='bbox 118 4389 235 4446; x_wconf 86' lang='lat' dir='ltr'><strong>tionales</strong></span> <span class='ocrx_word' id='word_1_373' title='bbox 255 4388 409 4460; x_wconf 84' lang='lat' dir='ltr'><strong>libertates,</strong></span> <span class='ocrx_word' id='word_1_374' title='bbox 424 4405 526 4460; x_wconf 89' lang='lat' dir='ltr'><strong>mores,</strong></span> <span class='ocrx_word' id='word_1_375' title='bbox 542 4391 656 4464; x_wconf 77' lang='lat' dir='ltr'><strong>allectus</strong></span> <span class='ocrx_word' id='word_1_376' title='bbox 668 4397 750 4464; x_wconf 86' lang='lat' dir='ltr'><strong>atque</strong></span> <span class='ocrx_word' id='word_1_377' title='bbox 764 4390 946 4449; x_wconf 84' lang='lat' dir='ltr'><strong>institutiones</strong></span> <span class='ocrx_word' id='word_1_378' title='bbox 961 4391 1014 4464; x_wconf 85' lang='lat' dir='ltr'><strong>(Dr</strong></span> <span class='ocrx_word' id='word_1_379' title='bbox 1025 4394 1177 4458; x_wconf 82' lang='lat' dir='ltr'><strong>Satvauor,</strong></span> <span class='ocrx_word' id='word_1_380' title='bbox 1192 4392 1238 4446; x_wconf 83' lang='lat' dir='ltr'><strong>Lu</strong></span> 
     </span>
     <span class='ocr_line' id='line_1_46' title="bbox 118 4459 1238 4540; baseline -0.001 -18"><span class='ocrx_word' id='word_1_381' title='bbox 118 4459 283 4524; x_wconf 69' lang='lat' dir='ltr'><strong>revolution</strong></span> <span class='ocrx_word' id='word_1_382' title='bbox 297 4471 325 4522; x_wconf 82' lang='lat' dir='ltr'><strong>rt</strong></span> <span class='ocrx_word' id='word_1_383' title='bbox 341 4465 383 4524; x_wconf 85' lang='lat' dir='ltr'><strong>lea</strong></span> <span class='ocrx_word' id='word_1_384' title='bbox 392 4465 656 4540; x_wconf 69' lang='lat' dir='ltr'><strong>revolutionoiresl.</strong></span> <span class='ocrx_word' id='word_1_385' title='bbox 665 4464 766 4524; x_wconf 82' lang='lat' dir='ltr'><strong>Fatalis</strong></span> <span class='ocrx_word' id='word_1_386' title='bbox 780 4465 846 4524; x_wconf 90' lang='lat' dir='ltr'><strong>lraee</strong></span> <span class='ocrx_word' id='word_1_387' title='bbox 858 4465 1054 4524; x_wconf 90' lang='lat' dir='ltr'><strong>revolutionum</strong></span> <span class='ocrx_word' id='word_1_388' title='bbox 1066 4467 1117 4524; x_wconf 89' lang='lat' dir='ltr'><strong>via:</strong></span> <span class='ocrx_word' id='word_1_389' title='bbox 1127 4463 1172 4521; x_wconf 79' lang='lat' dir='ltr'><strong>[lei</strong></span> <span class='ocrx_word' id='word_1_390' title='bbox 1182 4465 1238 4534; x_wconf 89' lang='lat' dir='ltr'><strong>pri·</strong></span> 
     </span>
    </p>
   </div>
   <div class='ocr_carea' id='block_1_22' title="bbox 117 4539 1025 4681">
    <p class='ocr_par' dir='ltr' id='par_1_22' title="bbox 117 4539 1025 4681">
     <span class='ocr_line' id='line_1_47' title="bbox 117 4539 1025 4681; baseline -0.002 -81"><span class='ocrx_word' id='word_1_391' title='bbox 117 4557 206 4620; x_wconf 86' lang='lat' dir='ltr'><strong>mum,</strong></span> <span class='ocrx_word' id='word_1_392' title='bbox 222 4541 333 4602; x_wconf 87' lang='lat' dir='ltr'><strong>humani</strong></span> <span class='ocrx_word' id='word_1_393' title='bbox 348 4539 445 4606; x_wconf 86' lang='lat' dir='ltr'><strong>deinde</strong></span> <span class='ocrx_word' id='word_1_394' title='bbox 460 4542 524 4604; x_wconf 78' lang='lat' dir='ltr'><strong>iunia</strong></span> <span class='ocrx_word' id='word_1_395' title='bbox 538 4541 651 4619; x_wconf 75' lang='lat' dir='ltr'><strong>aggredi</strong></span> <span class='ocrx_word' id='word_1_396' title='bbox 665 4541 813 4617; x_wconf 83' lang='lat' dir='ltr'><strong>legitimam</strong></span> <span class='ocrx_word' id='word_1_397' title='bbox 826 4542 1025 4681; x_wconf 46' lang='lat' dir='ltr'><strong>wammffgm&#39;</strong></span> 
     </span>
    </p>
   </div>
   <div class='ocr_carea' id='block_1_23' title="bbox 0 0 1619 5280">
    <p class='ocr_par' dir='ltr' id='par_1_23' title="bbox 0 0 1619 5280">
     <span class='ocr_line' id='line_1_48' title="bbox 0 0 1619 5280; baseline 0 0"><span class='ocrx_word' id='word_1_398' title='bbox 0 0 1619 5280; x_wconf 95' lang='lat' dir='ltr'><strong> </strong></span> 
     </span>
    </p>
   </div>
  </div>
 </body>
</html>
