3222 5282
540 317 758 370 rrruuusvnr.
1124 296 1167 365 63

91 465 214 532 tissima
233 465 302 530 lere
315 479 441 547 semper
455 463 604 548 imperia,
621 463 759 532 ominus
774 462 868 532 cultis
884 464 933 533 vel
947 462 1089 530 barbaris
1106 463 1209 530 excisa

90 558 177 621 sunt·
199 553 258 620 bos
272 553 389 657 quippe
405 552 495 619 luxus
514 572 578 624 non
593 553 813 630 molliverat’
802 553 902 638 risque
916 552 1187 638 praestantiores
1176 571 1213 616 ιιι

90 642 160 726 ipsa
173 635 353 710 rusticitate
367 641 516 708 effecerat
531 644 683 709 naturalis
698 644 788 746 vigor
801 649 835 711 et
849 641 1048 726 simplicitas
1065 643 1169 717 Nunc,
1184 640 1211 704 si

90 735 201 798 nostra
216 732 294 797 baec
308 736 394 797 aetas
409 731 467 797 tali
482 731 603 798 laborat
615 732 718 820 plaga,
737 751 766 796 s1
756 732 992 798 materialibus
1004 729 1211 795 incrementis

90 820 238 904 raprmur
247 821 524 903 atquerlludrmur
538 819 656 886 srartes
665 837 741 904 prae
752 822 892 887 moribus
901 819 1085 895 excolimus
1097 837 1124 883 ιι
1136 836 1212 899 pro-

91 909 128 976 ni
142 910 179 974 in
192 914 314 976 terram
329 908 515 984 incedimus,
533 908 561 973 si
576 909 694 977 litteris
711 914 744 977 et
759 910 900 977 scientiis
912 910 1100 992 quandoque
1114 924 1132 973 a
1141 907 1212 1010 spi·

90 997 217 1064 rituum
232 997 464 1064 immortalium
479 999 542 1064 line
554 999 776 1077 aventinensi
766 998 873 1082 leges
888 1003 922 1065 et
934 998 1067 1082 politica
1083 991 1212 1078 regimi-

93 1103 148 1166 na,
166 1087 278 1170 quibus
297 1088 442 1168 gentium
464 1087 609 1153 educatio
632 1105 668 1153 ac
687 1087 826 1170 primum
849 1088 979 1159 moralis
993 1085 1149 1170 perle'ctio
1163 1089 1212 1150 est

92 1176 289 1252 concredita,
309 1174 473 1242 bominem
495 1191 557 1259 qna
570 1181 733 1242 terrenum
755 1177 872 1243 animal
888 1176 1048 1251 excolunt,
1065 1187 1127 1257 qua
1141 1191 1213 1239 eae·

94 1265 175 1329 leste
186 1269 405 1331 contemnunt.
418 1263 700 1346 sihaecpatimur',
711 1266 879 1369 quemme,
892 1263 1211 1351 quibusveremediis,

93 1353 204 1418 labens
219 1353 351 1418 societas
365 1353 568 1420 restauranda
583 1353 637 1430 sit,
653 1372 694 1422 ex
705 1356 829 1423 sincero
841 1354 997 1420 humanae
987 1351 1214 1446 perfectionis

91 1439 268 1523 exemplari
282 1445 330 1506 est
344 1443 643 1525 perdiscendum
750 1494 753 1508 .

185 1529 281 1597 Xlll.
294 1530 363 1596 lloo
366 1531 501 1615 ,primo,
518 1531 727 1599 statuendum:
741 1529 844 1597 chso
855 1528 1215 1597 molobetintticmoel

94 1618 726 1703 exemptcrsuoepersectioniscseipso,
745 1620 1030 1702 oequctnrcipso:
1281 1616 1283 1620 ’

186 1707 262 1775 Non
276 1726 298 1774 a
312 1707 425 1788 seipso.
442 1709 526 1776 Nam
539 1709 626 1778 ratio
641 1713 674 1774 et
689 1709 740 1775 lex
754 1713 898 1774 naturam
920 1705 1105 1793 perficiendi
1120 1705 1159 1771 ab
1175 1724 1214 1771 eo

93 1795 254 1863 exclusive
269 1797 521 1881 proficiscuntur,
538 1816 643 1882 aquo
646 1813 716 1880 lpsd
725 1797 867 1882 proiecta
878 1801 926 1862 est
938 1800 1060 1864 namra.
1077 1795 1164 1862 Lex
1155 1812 1217 1876 lgr

93 1891 150 1952 tur
164 1885 337 1951 creationis
351 1889 384 1951 et
400 1885 452 1954 lex
466 1885 670 1969 perfectionis
689 1887 730 1952 ab
744 1886 856 1953 eodem
867 1891 940 1953 sunt
949 1884 1118 1970 principio,
1136 1889 1169 1951 et
1183 1903 1216 1948 se

94 1978 209 2039 mutuo
224 1969 486 2078 complectuntur
505 1975 566 2042 Sed
582 1995 682 2062 neque
697 1975 875 2042 absolutum
891 1974 1096 2057 perfeetionis
1111 1990 1217 2039 exem-

94 2063 167 2144 plar
181 2060 280 2128 horno
291 2062 413 2128 habet
400 2081 436 2128 ιιι
441 2065 618 2144 -ιιιιιιιιριο,
632 2065 666 2132 Si
681 2064 768 2129 enim
783 2065 879 2131 bomo
892 2063 1096 2146 perfectionis
1111 2079 1218 2126 exem·

94 2152 166 2231 plar
177 2154 260 2216 esset
270 2151 357 2215 s1b1
345 2169 420 2235 rpsr
434 2153 598 2237 sequentia
610 2155 721 2221 saltem
736 2158 935 2220 essentvera.
947 2153 1219 2232 Intellectuprae-

93 2239 184 2305 ditus
199 2239 240 2303 ad
256 2256 375 2316 verum,
393 2245 425 2307 et
436 2242 596 2309 voluntate
611 2243 650 2309 ad
662 2241 1034 2325 bonum,utraquelacile
1046 2239 1214 2315 inveniret,

94 2327 236 2395 inventis
246 2329 409 2410 gauderet,
422 2330 558 2397 libenter
568 2340 762 2414 sequeretur:
776 2331 831 2398 sed
845 2329 968 2406 contra,
979 2328 1158 2412 ignorantia
1172 2328 1217 2391 la-

95 2419 201 2493 borat,
227 2417 401 2485 delectatur
423 2436 541 2495 errore,
566 2424 598 2486 et
613 2420 652 2486 ab
667 2421 888 2502 ingerentese
902 2419 1063 2484 interdum
1086 2417 1216 2483 veritate

97 2507 209 2572 oeulos
224 2508 353 2582 avertit,
372 2523 504 2592 earnque
518 2508 703 2576 detestatur.
720 2507 835 2573 Libera
851 2526 940 2573 mens
954 2512 986 2573 et
997 2506 1130 2579 excelsa,
1144 2504 1218 2568 'sub

96 2594 181 2661 iectu
197 2598 322 2662 tantum
336 2613 470 2680 corpore
481 2600 632 2663 uteretur:
652 2615 736 2665 nunc
757 2596 796 2661 ab
813 2597 923 2662 eodem
935 2594 1100 2678 abripitur,
1115 2594 1218 2660 eidem

96 2685 210 2760 servit,
227 2700 265 2748 ac
285 2685 497 2768 mancipatur.
523 2686 593 2769 lpse
609 2704 673 2751 non
688 2688 808 2767 ageret,
824 2702 904 2769 quae
920 2684 954 2749 in
971 2685 1042 2749 aliis
1057 2683 1217 2766 reprobat:

97 2773 153 2838 sed
164 2791 240 2839 cum
250 2773 384 2838 iniurias
395 2790 459 2838 non
471 2773 622 2854 patiatur,
636 2773 708 2838 aliis
719 2772 830 2848 inlert;
844 2792 917 2840 crnn
927 2773 988 2838 sibi
999 2772 1156 2854 indulgeri
1169 2790 1220 2839 vc-

101 2863 153 2938 lit,
169 2861 287 2928 ceteris
302 2879 366 2928 non
381 2860 534 2943 indulget.
551 2862 592 2930 Se
607 2863 675 2944 lege
689 2865 851 2928 creaturae
865 2863 1029 2929 rationalis
1043 2863 1220 2928 devinctum

101 2950 217 3026 sentit;
234 2954 268 3015 et
290 2950 567 3032 independentiam
581 2950 724 3017 affectet.
750 2949 803 3025 Se,
822 2951 981 3018 inmundi
1003 2949 1216 3026 universitate,

100 3040 169 3104 iere
185 3038 322 3105 nibilum
337 3057 404 3104 esse
419 3037 514 3105 nimis
526 3041 698 3124 experitur,
717 3044 751 3106 et
764 3040 966 3107 divinitatem
976 3044 1118 3121 usurpat,
1137 3039 1219 3103 anti-

100 3146 161 3213 qua
178 3127 304 3194 illectus
318 3146 406 3194 voce:
423 3128 526 3194 Eritis
540 3131 619 3195 sicot
636 3129 704 3195 Dii.

191 3215 283 3282 XIV.
300 3217 373 3284 Non
389 3217 490 3282 solnm
501 3216 599 3299 igitur
611 3216 765 3283 limitibus
776 3217 1015 3300 circumscripta
1031 3219 1154 3288 natura,
1165 3215 1219 3278 sed

102 3304 300 3388 imperfecta,
314 3305 436 3388 sibique
450 3319 638 3389 repugnans,
652 3311 685 3373 et
696 3304 798 3371 ruinis
812 3306 901 3390 quasi
913 3305 1013 3371 obsita
1022 3302 1220 3368 concreditae

102 3395 182 3458 olim
197 3392 437 3474 magnitudinis.
457 3397 607 3461 Attamen
633 3411 651 3460 a
667 3394 871 3477 perfectionis
885 3412 993 3460 amore
1008 3397 1040 3458 et
1055 3410 1109 3476 spe
1125 3391 1220 3456 bomo

103 3500 167 3546 non
183 3481 346 3548 deiicitur:
363 3481 464 3546 adbuc
480 3483 583 3548 maior
599 3483 718 3552 eunctis
733 3482 897 3560 creaturis,
917 3481 1077 3547 inlinitum
1092 3481 1173 3556 sitit,
1187 3497 1221 3544 se

104 3571 186 3636 ultra
194 3569 345 3652 seipsum,
356 3569 525 3654 omniaque
535 3572 627 3637 finita
639 3571 809 3638 extendens
825 3571 896 3636 nisu
907 3571 1046 3637 inlinito.
1060 3571 1220 3652 Sedqnae-

106 3677 178 3724 nam
194 3658 365 3725 relationes
376 3658 465 3724 ιιιιιιι
480 3660 519 3724 ad
535 3659 713 3726 inlinitum?
734 3660 768 3727 Si
783 3659 862 3725 illud
878 3659 1052 3732 inlinitum,
1067 3659 1222 3723 humanae

107 3747 314 3830 perfectionis
328 3747 489 3831 exemplar
503 3753 536 3815 et
549 3749 635 3825 linis,
654 3755 700 3816 est
716 3749 811 3826 Deus3
828 3748 899 3831 quis
914 3756 973 3826 est,
986 3748 1062 3832 qdid
1076 3747 1175 3821 iubet,
1186 3753 1222 3810 ut

107 3835 152 3900 illi
164 3837 397 3912 conformetur,
414 3841 509 3922 atque
523 3838 562 3902 ad
573 3837 663 3905 illum
679 3839 805 3904 accedat
816 3839 942 3904 inlirma
965 3843 998 3904 et
1011 3836 1115 3902 sancia
1132 3841 1223 3899 natu-

108 3925 156 3988 re?
167 3924 250 4004 Quis
264 3924 392 3990 demum
407 3927 453 3990 vel
468 3927 639 4002 mediator,
657 3927 707 3995 vel
723 3927 913 4009 redemptor,
928 3926 1009 3992 adeo
1024 3941 1116 4009 supro
1132 3928 1223 3989 natu-

108 4029 175 4076 ram
187 4014 323 4094 positus,
339 4017 375 4080 ut
389 4013 542 4080 deiectam
556 4015 708 4093 sublevet,
721 4033 757 4081 ac
768 4019 923 4081 restauret
933 4013 1089 4081 eversam
1073 4005 1161 4079 llic
1173 4029 1223 4076 ra

109 4102 154 4166 tio
169 4101 258 4175 silet,
275 4101 405 4167 verbum
420 4107 587 4186 expectans
602 4104 769 4170 revelantis
783 4102 862 4169 Dei.
1252 4111 1255 4120 ⁴

196 4189 274 4256 XV.
291 4191 433 4265 Revera,-
443 4191 630 4276 redemptor
636 4193 781 4276 apparuit
791 4191 891 4257 Filius
903 4191 975 4269 Dei,
988 4191 1158 4256 humanam
1170 4205 1225 4252 na-

109 4285 216 4352 turam,
229 4295 402 4356 assumens,
415 4278 548 4362 iungens
563 4283 629 4348 ima
643 4282 770 4358 divinis,
788 4280 933 4346 homines
948 4279 1106 4355 erudiens,
1121 4295 1226 4342 exem-

108 4365 181 4446 plar
198 4368 405 4450 perfectionis
428 4369 692 4436 uoluminum
711 4372 747 4436 ιἰι
762 4369 861 4450 seipso
883 4369 1081 4444 ministraras,
1098 4366 1224 4432 victima

110 4454 175 4536 ipse
189 4460 226 4521 et
241 4455 430 4524 sacrificium
444 4477 503 4541 pro
518 4459 676 4535 omnibus,
693 4477 730 4525 ac
743 4458 858 4524 deinde
869 4458 917 4524 sui
932 4456 1020 4524 verbi
1036 4461 1069 4521 et
1082 4453 1227 4519 ministe-

111 4545 150 4609 rii
163 4561 359 4612 successores
375 4564 433 4632 par
448 4547 620 4616 Ecclesiam
636 4547 815 4626 instituens,
833 4547 872 4614 ad
887 4548 982 4615 linem
994 4562 1089 4632 usque
1102 4559 1226 4609 mansu-
