<?xml version="1.0" encoding="UTF-8"?>
<!DOCTYPE html PUBLIC "-//W3C//DTD XHTML 1.0 Transitional//EN"
    "http://www.w3.org/TR/xhtml1/DTD/xhtml1-transitional.dtd">
<html xmlns="http://www.w3.org/1999/xhtml" xml:lang="en" lang="en">
 <head>
  <title>
</title>
<meta http-equiv="Content-Type" content="text/html;charset=utf-8" />
  <meta name='ocr-system' content='tesseract 3.04.00' />
  <meta name='ocr-capabilities' content='ocr_page ocr_carea ocr_par ocr_line ocrx_word'/>
</head>
<body>
  <div class='ocr_page' id='page_1' title='image "./iurisnaturaeetg01audigoog_0081.png"; bbox 0 0 3222 5282; ppageno 0'>
   <div class='ocr_carea' id='block_1_1' title="bbox 884 95 904 168">
    <p class='ocr_par' dir='ltr' id='par_1_1' title="bbox 884 95 904 168">
     <span class='ocr_line' id='line_1_1' title="bbox 884 95 904 168; baseline 0 0"><span class='ocrx_word' id='word_1_1' title='bbox 884 95 904 168; x_wconf 76' lang='lat' dir='ltr'><strong>l</strong></span> 
     </span>
    </p>
   </div>
   <div class='ocr_carea' id='block_1_2' title="bbox 417 296 995 361">
    <p class='ocr_par' dir='ltr' id='par_1_2' title="bbox 417 296 995 361">
     <span class='ocr_line' id='line_1_2' title="bbox 417 296 995 361; baseline -0.009 0"><span class='ocrx_word' id='word_1_2' title='bbox 417 296 460 361; x_wconf 83' lang='lat' dir='ltr'><strong>bb</strong></span> <span class='ocrx_word' id='word_1_3' title='bbox 863 310 957 360; x_wconf 83' lang='lat' dir='ltr'><strong>sinsn</strong></span> <span class='ocrx_word' id='word_1_4' title='bbox 972 310 995 358; x_wconf 86' lang='lat'><strong>1.</strong></span> 
     </span>
    </p>
   </div>
   <div class='ocr_carea' id='block_1_3' title="bbox 303 453 1501 3816">
    <p class='ocr_par' dir='ltr' id='par_1_3' title="bbox 373 453 1492 702">
     <span class='ocr_line' id='line_1_3' title="bbox 373 453 1492 540; baseline -0.004 -15"><span class='ocrx_word' id='word_1_5' title='bbox 373 460 472 524; x_wconf 81' lang='lat' dir='ltr'><strong>sitam</strong></span> <span class='ocrx_word' id='word_1_6' title='bbox 489 457 663 540; x_wconf 89' lang='lat' dir='ltr'><strong>inquirens;</strong></span> <span class='ocrx_word' id='word_1_7' title='bbox 679 457 731 521; x_wconf 84' lang='lat' dir='ltr'><strong>sed</strong></span> <span class='ocrx_word' id='word_1_8' title='bbox 744 455 887 522; x_wconf 84' lang='lat' dir='ltr'><strong>actiones</strong></span> <span class='ocrx_word' id='word_1_9' title='bbox 895 460 929 521; x_wconf 92' lang='lat' dir='ltr'><strong>et</strong></span> <span class='ocrx_word' id='word_1_10' title='bbox 941 455 1113 537; x_wconf 83' lang='lat' dir='ltr'><strong>passiones,</strong></span> <span class='ocrx_word' id='word_1_11' title='bbox 1128 453 1317 517; x_wconf 77' lang='lat' dir='ltr'>accessiones</span> <span class='ocrx_word' id='word_1_12' title='bbox 1329 453 1376 519; x_wconf 86' lang='lat' dir='ltr'><strong>rel</strong></span> <span class='ocrx_word' id='word_1_13' title='bbox 1389 473 1492 520; x_wconf 89' lang='lat' dir='ltr'><strong>reces-</strong></span> 
     </span>
     <span class='ocr_line' id='line_1_4' title="bbox 374 541 1492 627; baseline -0.004 -15"><span class='ocrx_word' id='word_1_14' title='bbox 374 549 491 626; x_wconf 90' lang='lat' dir='ltr'><strong>siones,</strong></span> <span class='ocrx_word' id='word_1_15' title='bbox 517 547 647 612; x_wconf 85' lang='lat' dir='ltr'><strong>virtutes</strong></span> <span class='ocrx_word' id='word_1_16' title='bbox 662 563 698 611; x_wconf 89' lang='lat' dir='ltr'><strong>ac</strong></span> <span class='ocrx_word' id='word_1_17' title='bbox 713 545 804 622; x_wconf 89' lang='lat' dir='ltr'><strong>vitia,</strong></span> <span class='ocrx_word' id='word_1_18' title='bbox 821 549 895 611; x_wconf 87' lang='lat' dir='ltr'><strong>sunt</strong></span> <span class='ocrx_word' id='word_1_19' title='bbox 917 562 957 610; x_wconf 86' lang='lat' dir='ltr'><strong>ex</strong></span> <span class='ocrx_word' id='word_1_20' title='bbox 971 543 1125 625; x_wconf 89' lang='lat' dir='ltr'><strong>personis,</strong></span> <span class='ocrx_word' id='word_1_21' title='bbox 1144 541 1184 606; x_wconf 92' lang='lat' dir='ltr'><strong>iis</strong></span> <span class='ocrx_word' id='word_1_22' title='bbox 1199 541 1379 620; x_wconf 77' lang='lat' dir='ltr'><strong>inhaerent,</strong></span> <span class='ocrx_word' id='word_1_23' title='bbox 1397 548 1492 627; x_wconf 87' lang='lat' dir='ltr'><strong>etque</strong></span> 
     </span>
     <span class='ocr_line' id='line_1_5' title="bbox 376 633 1409 702; baseline 0 0"><span class='ocrx_word' id='word_1_24' title='bbox 376 633 649 702; x_wconf 88' lang='lat' dir='ltr'><strong>caseomitantur.</strong></span> <span class='ocrx_word' id='word_1_25' title='bbox 1403 677 1409 680; x_wconf 93' lang='lat'>-</span> 
     </span>
    </p>

    <p class='ocr_par' dir='ltr' id='par_1_4' title="bbox 303 717 1494 1776">
     <span class='ocr_line' id='line_1_6' title="bbox 463 717 1492 807; baseline -0.003 -19"><span class='ocrx_word' id='word_1_26' title='bbox 463 723 522 789; x_wconf 87' lang='lat' dir='ltr'><strong>Vl.</strong></span> <span class='ocrx_word' id='word_1_27' title='bbox 540 723 615 788; x_wconf 88' lang='lat' dir='ltr'><strong>Tria</strong></span> <span class='ocrx_word' id='word_1_28' title='bbox 626 723 715 798; x_wconf 86' lang='lat' dir='ltr'><strong>baec,</strong></span> <span class='ocrx_word' id='word_1_29' title='bbox 725 722 981 800; x_wconf 68' lang='lat' dir='ltr'><strong>unimammas,</strong></span> <span class='ocrx_word' id='word_1_30' title='bbox 995 721 1135 807; x_wconf 86' lang='lat' dir='ltr'><strong>societas,</strong></span> <span class='ocrx_word' id='word_1_31' title='bbox 1150 721 1224 782; x_wconf 89' lang='lat' dir='ltr'><strong>sunt</strong></span> <span class='ocrx_word' id='word_1_32' title='bbox 1236 717 1270 782; x_wconf 93' lang='lat' dir='ltr'><strong>in</strong></span> <span class='ocrx_word' id='word_1_33' title='bbox 1282 718 1423 784; x_wconf 91' lang='lat' dir='ltr'><strong>eiusdem</strong></span> <span class='ocrx_word' id='word_1_34' title='bbox 1435 741 1492 785; x_wconf 92' lang='lat' dir='ltr'><strong>na-</strong></span> 
     </span>
     <span class='ocr_line' id='line_1_7' title="bbox 374 807 1492 899; baseline -0.002 -21"><span class='ocrx_word' id='word_1_35' title='bbox 374 817 463 878; x_wconf 90' lang='lat' dir='ltr'><strong>turae</strong></span> <span class='ocrx_word' id='word_1_36' title='bbox 486 811 667 899; x_wconf 84' lang='lat' dir='ltr'><strong>individuis,</strong></span> <span class='ocrx_word' id='word_1_37' title='bbox 694 808 963 891; x_wconf 80' lang='lat' dir='ltr'><strong>perfectibilitatis</strong></span> <span class='ocrx_word' id='word_1_38' title='bbox 985 808 1168 884; x_wconf 68' lang='lat' dir='ltr'><strong>radiasset</strong></span> <span class='ocrx_word' id='word_1_39' title='bbox 1191 807 1365 888; x_wconf 90' lang='lat' dir='ltr'><strong>supposita.</strong></span> <span class='ocrx_word' id='word_1_40' title='bbox 1384 809 1492 888; x_wconf 89' lang='lat' dir='ltr'><strong>Quum</strong></span> 
     </span>
     <span class='ocr_line' id='line_1_8' title="bbox 375 896 1492 982; baseline -0.001 -17"><span class='ocrx_word' id='word_1_41' title='bbox 375 901 454 966; x_wconf 89' lang='lat' dir='ltr'><strong>haec</strong></span> <span class='ocrx_word' id='word_1_42' title='bbox 468 901 534 968; x_wconf 93' lang='lat' dir='ltr'><strong>sint</strong></span> <span class='ocrx_word' id='word_1_43' title='bbox 550 900 654 975; x_wconf 86' lang='lat' dir='ltr'><strong>finita,</strong></span> <span class='ocrx_word' id='word_1_44' title='bbox 674 898 776 962; x_wconf 90' lang='lat' dir='ltr'><strong>nullus</strong></span> <span class='ocrx_word' id='word_1_45' title='bbox 799 914 979 982; x_wconf 82' lang='lat' dir='ltr'><strong>progressus</strong></span> <span class='ocrx_word' id='word_1_46' title='bbox 993 897 1058 964; x_wconf 89' lang='lat' dir='ltr'><strong>erit</strong></span> <span class='ocrx_word' id='word_1_47' title='bbox 1074 896 1231 960; x_wconf 83' lang='lat' dir='ltr'><strong>infinitus.</strong></span> <span class='ocrx_word' id='word_1_48' title='bbox 1249 897 1319 960; x_wconf 92' lang='lat' dir='ltr'><strong>lmo</strong></span> <span class='ocrx_word' id='word_1_49' title='bbox 1334 903 1492 980; x_wconf 73' lang='lat' dir='ltr'>repugnat</span> 
     </span>
     <span class='ocr_line' id='line_1_9' title="bbox 376 985 1494 1070; baseline 0 -17"><span class='ocrx_word' id='word_1_50' title='bbox 376 986 619 1070; x_wconf 79' lang='lat' dir='ltr'><strong>perfectibilitas</strong></span> <span class='ocrx_word' id='word_1_51' title='bbox 631 987 771 1062; x_wconf 87' lang='lat' dir='ltr'><strong>infinita,</strong></span> <span class='ocrx_word' id='word_1_52' title='bbox 780 1003 878 1068; x_wconf 92' lang='lat' dir='ltr'><strong>quum</strong></span> <span class='ocrx_word' id='word_1_53' title='bbox 890 990 1003 1050; x_wconf 90' lang='lat' dir='ltr'><strong>natura</strong></span> <span class='ocrx_word' id='word_1_54' title='bbox 1017 985 1136 1050; x_wconf 85' lang='lat' dir='ltr'><strong>infiniti</strong></span> <span class='ocrx_word' id='word_1_55' title='bbox 1151 985 1193 1048; x_wconf 91' lang='lat' dir='ltr'><strong>sit</strong></span> <span class='ocrx_word' id='word_1_56' title='bbox 1209 988 1275 1049; x_wconf 91' lang='lat' dir='ltr'><strong>tota</strong></span> <span class='ocrx_word' id='word_1_57' title='bbox 1287 985 1382 1049; x_wconf 91' lang='lat' dir='ltr'><strong>simul</strong></span> <span class='ocrx_word' id='word_1_58' title='bbox 1394 991 1428 1052; x_wconf 91' lang='lat' dir='ltr'><strong>et</strong></span> <span class='ocrx_word' id='word_1_59' title='bbox 1439 989 1494 1052; x_wconf 91' lang='lat' dir='ltr'><strong>ab·</strong></span> 
     </span>
     <span class='ocr_line' id='line_1_10' title="bbox 374 1072 1492 1158; baseline -0.001 -16"><span class='ocrx_word' id='word_1_60' title='bbox 374 1077 475 1142; x_wconf 88' lang='lat' dir='ltr'><strong>soluta</strong></span> <span class='ocrx_word' id='word_1_61' title='bbox 491 1076 657 1158; x_wconf 72' lang='lat' dir='ltr'><strong>perfectio,</strong></span> <span class='ocrx_word' id='word_1_62' title='bbox 671 1076 736 1140; x_wconf 89' lang='lat' dir='ltr'><strong>Ens</strong></span> <span class='ocrx_word' id='word_1_63' title='bbox 747 1079 854 1139; x_wconf 92' lang='lat' dir='ltr'><strong>autem</strong></span> <span class='ocrx_word' id='word_1_64' title='bbox 870 1074 1045 1148; x_wconf 85' lang='lat' dir='ltr'><strong>infinitum,</strong></span> <span class='ocrx_word' id='word_1_65' title='bbox 1062 1077 1171 1156; x_wconf 81' lang='lat' dir='ltr'>utpote</span> <span class='ocrx_word' id='word_1_66' title='bbox 1184 1072 1404 1150; x_wconf 87' lang='lat' dir='ltr'><strong>necessarium,</strong></span> <span class='ocrx_word' id='word_1_67' title='bbox 1419 1093 1492 1141; x_wconf 92' lang='lat' dir='ltr'><strong>curn</strong></span> 
     </span>
     <span class='ocr_line' id='line_1_11' title="bbox 376 1161 1493 1250; baseline -0.001 -21"><span class='ocrx_word' id='word_1_68' title='bbox 376 1165 419 1230; x_wconf 92' lang='lat' dir='ltr'><strong>sit</strong></span> <span class='ocrx_word' id='word_1_69' title='bbox 430 1165 514 1229; x_wconf 87' lang='lat' dir='ltr'><strong>ratio</strong></span> <span class='ocrx_word' id='word_1_70' title='bbox 531 1165 673 1250; x_wconf 89' lang='lat' dir='ltr'><strong>omnium</strong></span> <span class='ocrx_word' id='word_1_71' title='bbox 683 1164 823 1238; x_wconf 51' lang='lat' dir='ltr'><strong>¹entium,</strong></span> <span class='ocrx_word' id='word_1_72' title='bbox 837 1162 883 1227; x_wconf 86' lang='lat' dir='ltr'><strong>ita</strong></span> <span class='ocrx_word' id='word_1_73' title='bbox 899 1177 1034 1244; x_wconf 88' lang='lat' dir='ltr'><strong>quoque,</strong></span> <span class='ocrx_word' id='word_1_74' title='bbox 1054 1167 1165 1243; x_wconf 80' lang='lat' dir='ltr'><strong>utpote</strong></span> <span class='ocrx_word' id='word_1_75' title='bbox 1180 1161 1368 1241; x_wconf 83' lang='lat' dir='ltr'><strong>perlectum,</strong></span> <span class='ocrx_word' id='word_1_76' title='bbox 1382 1167 1431 1228; x_wconf 91' lang='lat' dir='ltr'><strong>est</strong></span> <span class='ocrx_word' id='word_1_77' title='bbox 1442 1183 1493 1228; x_wconf 92' lang='lat' dir='ltr'><strong>ra-</strong></span> 
     </span>
     <span class='ocr_line' id='line_1_12' title="bbox 376 1249 1493 1334; baseline -0.002 -16"><span class='ocrx_word' id='word_1_78' title='bbox 376 1253 423 1318; x_wconf 88' lang='lat' dir='ltr'><strong>tio</strong></span> <span class='ocrx_word' id='word_1_79' title='bbox 438 1249 542 1318; x_wconf 84' lang='lat' dir='ltr'><strong>finalis</strong></span> <span class='ocrx_word' id='word_1_80' title='bbox 558 1253 596 1316; x_wconf 92' lang='lat' dir='ltr'><strong>ad</strong></span> <span class='ocrx_word' id='word_1_81' title='bbox 612 1270 706 1334; x_wconf 89' lang='lat' dir='ltr'><strong>quam</strong></span> <span class='ocrx_word' id='word_1_82' title='bbox 721 1252 829 1316; x_wconf 91' lang='lat' dir='ltr'><strong>omnia</strong></span> <span class='ocrx_word' id='word_1_83' title='bbox 844 1252 1043 1326; x_wconf 87' lang='lat' dir='ltr'><strong>ordinantur,</strong></span> <span class='ocrx_word' id='word_1_84' title='bbox 1058 1268 1147 1332; x_wconf 89' lang='lat' dir='ltr'><strong>aqua</strong></span> <span class='ocrx_word' id='word_1_85' title='bbox 1160 1249 1267 1313; x_wconf 91' lang='lat' dir='ltr'><strong>omnia</strong></span> <span class='ocrx_word' id='word_1_86' title='bbox 1283 1251 1493 1331; x_wconf 82' lang='lat' dir='ltr'><strong>perfectibili-</strong></span> 
     </span>
     <span class='ocr_line' id='line_1_13' title="bbox 377 1339 1493 1422; baseline -0.002 -15"><span class='ocrx_word' id='word_1_87' title='bbox 377 1344 476 1407; x_wconf 89' lang='lat' dir='ltr'><strong>tatem</strong></span> <span class='ocrx_word' id='word_1_88' title='bbox 493 1342 539 1405; x_wconf 90' lang='lat' dir='ltr'><strong>vel</strong></span> <span class='ocrx_word' id='word_1_89' title='bbox 554 1340 781 1422; x_wconf 77' lang='lat' dir='ltr'><strong>perfectionem</strong></span> <span class='ocrx_word' id='word_1_90' title='bbox 798 1339 967 1421; x_wconf 88' lang='lat' dir='ltr'><strong>accipiunt.</strong></span> <span class='ocrx_word' id='word_1_91' title='bbox 985 1339 1069 1420; x_wconf 76' lang='lat' dir='ltr'><strong>Ergo</strong></span> <span class='ocrx_word' id='word_1_92' title='bbox 1085 1357 1124 1404; x_wconf 88' lang='lat' dir='ltr'><strong>ex</strong></span> <span class='ocrx_word' id='word_1_93' title='bbox 1139 1339 1274 1415; x_wconf 91' lang='lat' dir='ltr'><strong>ratione,</strong></span> <span class='ocrx_word' id='word_1_94' title='bbox 1289 1356 1344 1402; x_wconf 91' lang='lat' dir='ltr'><strong>seu</strong></span> <span class='ocrx_word' id='word_1_95' title='bbox 1355 1339 1425 1421; x_wconf 82' lang='lat' dir='ltr'><strong>lege</strong></span> <span class='ocrx_word' id='word_1_96' title='bbox 1437 1359 1493 1405; x_wconf 90' lang='lat' dir='ltr'><strong>en·</strong></span> 
     </span>
     <span class='ocr_line' id='line_1_14' title="bbox 377 1427 1492 1511; baseline -0.001 -16"><span class='ocrx_word' id='word_1_97' title='bbox 377 1429 419 1495; x_wconf 90' lang='lat' dir='ltr'><strong>tis</strong></span> <span class='ocrx_word' id='word_1_98' title='bbox 442 1429 564 1496; x_wconf 85' lang='lat' dir='ltr'><strong>infiniti</strong></span> <span class='ocrx_word' id='word_1_99' title='bbox 577 1433 611 1496; x_wconf 92' lang='lat' dir='ltr'><strong>et</strong></span> <span class='ocrx_word' id='word_1_100' title='bbox 626 1429 772 1511; x_wconf 84' lang='lat' dir='ltr'><strong>perlecti,</strong></span> <span class='ocrx_word' id='word_1_101' title='bbox 797 1429 915 1509; x_wconf 85' lang='lat' dir='ltr'><strong>pendet</strong></span> <span class='ocrx_word' id='word_1_102' title='bbox 937 1428 1040 1492; x_wconf 88' lang='lat' dir='ltr'><strong>omnis</strong></span> <span class='ocrx_word' id='word_1_103' title='bbox 1055 1427 1213 1509; x_wconf 89' lang='lat' dir='ltr'><strong>possibilis</strong></span> <span class='ocrx_word' id='word_1_104' title='bbox 1236 1428 1492 1510; x_wconf 85' lang='lat' dir='ltr'><strong>contingentium</strong></span> 
     </span>
     <span class='ocr_line' id='line_1_15' title="bbox 303 1517 1145 1603; baseline 0.001 -19"><span class='ocrx_word' id='word_1_105' title='bbox 303 1580 305 1584; x_wconf 81' lang='grc'>,</span> <span class='ocrx_word' id='word_1_106' title='bbox 376 1517 541 1601; x_wconf 85' lang='lat' dir='ltr'><strong>perfectio.</strong></span> <span class='ocrx_word' id='word_1_107' title='bbox 1084 1593 1092 1603; x_wconf 43' lang='grc'>,</span> <span class='ocrx_word' id='word_1_108' title='bbox 1140 1573 1145 1585; x_wconf 89' lang='grc'>,</span> 
     </span>
     <span class='ocr_line' id='line_1_16' title="bbox 465 1603 1491 1690; baseline 0 -18"><span class='ocrx_word' id='word_1_109' title='bbox 465 1606 540 1672; x_wconf 87' lang='lat' dir='ltr'><strong>Vll.</strong></span> <span class='ocrx_word' id='word_1_110' title='bbox 558 1605 619 1672; x_wconf 87' lang='lat' dir='ltr'><strong>Sed</strong></span> <span class='ocrx_word' id='word_1_111' title='bbox 634 1624 802 1689; x_wconf 81' lang='lat' dir='ltr'><strong>quemnam</strong></span> <span class='ocrx_word' id='word_1_112' title='bbox 817 1605 948 1690; x_wconf 77' lang='lat' dir='ltr'><strong>gradum</strong></span> <span class='ocrx_word' id='word_1_113' title='bbox 963 1604 1057 1672; x_wconf 91' lang='lat' dir='ltr'><strong>habet</strong></span> <span class='ocrx_word' id='word_1_114' title='bbox 1073 1605 1168 1670; x_wconf 91' lang='lat' dir='ltr'><strong>bomo</strong></span> <span class='ocrx_word' id='word_1_115' title='bbox 1185 1603 1218 1670; x_wconf 90' lang='lat' dir='ltr'><strong>ln</strong></span> <span class='ocrx_word' id='word_1_116' title='bbox 1235 1604 1491 1686; x_wconf 81' lang='lat' dir='ltr'><strong>contingentium</strong></span> 
     </span>
     <span class='ocr_line' id='line_1_17' title="bbox 377 1695 1289 1776; baseline 0.002 -16"><span class='ocrx_word' id='word_1_117' title='bbox 377 1695 426 1761; x_wconf 85' lang='lat' dir='ltr'><strong>vel</strong></span> <span class='ocrx_word' id='word_1_118' title='bbox 442 1695 800 1776; x_wconf 86' lang='lat' dir='ltr'><strong>perfectibiiiumserie‘l</strong></span> <span class='ocrx_word' id='word_1_119' title='bbox 1286 1757 1289 1762; x_wconf 16' lang='grc' dir='ltr'><strong>Α</strong></span> 
     </span>
    </p>

    <p class='ocr_par' dir='ltr' id='par_1_5' title="bbox 308 1780 1499 3086">
     <span class='ocr_line' id='line_1_18' title="bbox 466 1780 1490 1870; baseline -0.002 -21"><span class='ocrx_word' id='word_1_120' title='bbox 466 1786 504 1849; x_wconf 91' lang='lat' dir='ltr'><strong>ln</strong></span> <span class='ocrx_word' id='word_1_121' title='bbox 521 1803 627 1850; x_wconf 92' lang='lat' dir='ltr'><strong>rerum</strong></span> <span class='ocrx_word' id='word_1_122' title='bbox 643 1784 737 1860; x_wconf 89' lang='lat' dir='ltr'><strong>serie,</strong></span> <span class='ocrx_word' id='word_1_123' title='bbox 754 1785 908 1866; x_wconf 89' lang='lat' dir='ltr'><strong>quaedam</strong></span> <span class='ocrx_word' id='word_1_124' title='bbox 919 1782 1035 1870; x_wconf 82' lang='lat' dir='ltr'><strong>babent</strong></span> <span class='ocrx_word' id='word_1_125' title='bbox 1050 1783 1150 1846; x_wconf 87' lang='lat' dir='ltr'><strong>solum</strong></span> <span class='ocrx_word' id='word_1_126' title='bbox 1163 1799 1238 1860; x_wconf 88' lang='lat' dir='ltr'><strong>esse,</strong></span> <span class='ocrx_word' id='word_1_127' title='bbox 1251 1780 1298 1847; x_wconf 91' lang='lat' dir='ltr'><strong>uti</strong></span> <span class='ocrx_word' id='word_1_128' title='bbox 1310 1781 1490 1858; x_wconf 89' lang='lat' dir='ltr'><strong>mineralia;</strong></span> 
     </span>
     <span class='ocr_line' id='line_1_19' title="bbox 308 1871 1494 1954; baseline 0.002 -19"><span class='ocrx_word' id='word_1_129' title='bbox 308 1879 311 1892; x_wconf 91' lang='grc'><strong>’</strong></span> <span class='ocrx_word' id='word_1_130' title='bbox 377 1873 529 1953; x_wconf 91' lang='lat' dir='ltr'><strong>quaedam</strong></span> <span class='ocrx_word' id='word_1_131' title='bbox 541 1889 604 1937; x_wconf 86' lang='lat' dir='ltr'><strong>csse</strong></span> <span class='ocrx_word' id='word_1_132' title='bbox 616 1877 650 1937; x_wconf 92' lang='lat' dir='ltr'><strong>et</strong></span> <span class='ocrx_word' id='word_1_133' title='bbox 664 1874 779 1948; x_wconf 76' lang='lat' dir='ltr'><strong>cinae,</strong></span> <span class='ocrx_word' id='word_1_134' title='bbox 797 1874 845 1937; x_wconf 92' lang='lat' dir='ltr'><strong>uti</strong></span> <span class='ocrx_word' id='word_1_135' title='bbox 857 1874 995 1954; x_wconf 90' lang='lat' dir='ltr'><strong>plantae;</strong></span> <span class='ocrx_word' id='word_1_136' title='bbox 1006 1871 1158 1952; x_wconf 89' lang='lat' dir='ltr'><strong>quaedam</strong></span> <span class='ocrx_word' id='word_1_137' title='bbox 1170 1888 1245 1944; x_wconf 86' lang='lat' dir='ltr'><strong>esse,</strong></span> <span class='ocrx_word' id='word_1_138' title='bbox 1260 1872 1364 1936; x_wconf 73' lang='lat' dir='ltr'><strong>oleae</strong></span> <span class='ocrx_word' id='word_1_139' title='bbox 1376 1876 1408 1937; x_wconf 92' lang='lat' dir='ltr'><strong>et</strong></span> <span class='ocrx_word' id='word_1_140' title='bbox 1421 1889 1494 1936; x_wconf 84' lang='lat' dir='ltr'><strong>sco-</strong></span> 
     </span>
     <span class='ocr_line' id='line_1_20' title="bbox 377 1959 1495 2040; baseline 0.002 -18"><span class='ocrx_word' id='word_1_141' title='bbox 377 1961 448 2037; x_wconf 88' lang='lat' dir='ltr'><strong>tire,</strong></span> <span class='ocrx_word' id='word_1_142' title='bbox 466 1961 516 2025; x_wconf 93' lang='lat' dir='ltr'><strong>uti</strong></span> <span class='ocrx_word' id='word_1_143' title='bbox 532 1960 694 2036; x_wconf 80' lang='lat' dir='ltr'><strong>animalia3</strong></span> <span class='ocrx_word' id='word_1_144' title='bbox 717 1961 844 2025; x_wconf 89' lang='lat' dir='ltr'><strong>demum</strong></span> <span class='ocrx_word' id='word_1_145' title='bbox 859 1960 921 2024; x_wconf 91' lang='lat' dir='ltr'><strong>alia</strong></span> <span class='ocrx_word' id='word_1_146' title='bbox 938 1978 1012 2036; x_wconf 87' lang='lat' dir='ltr'><strong>csse,</strong></span> <span class='ocrx_word' id='word_1_147' title='bbox 1032 1959 1148 2034; x_wconf 81' lang='lat' dir='ltr'><strong>vivere,</strong></span> <span class='ocrx_word' id='word_1_148' title='bbox 1163 1959 1277 2023; x_wconf 82' lang='lat' dir='ltr'><strong>sentire</strong></span> <span class='ocrx_word' id='word_1_149' title='bbox 1292 1964 1386 2040; x_wconf 90' lang='lat' dir='ltr'><strong>atque</strong></span> <span class='ocrx_word' id='word_1_150' title='bbox 1402 1961 1495 2024; x_wconf 80' lang='lat' dir='ltr'><strong>intel·</strong></span> 
     </span>
     <span class='ocr_line' id='line_1_21' title="bbox 377 2043 1495 2130; baseline 0.003 -21"><span class='ocrx_word' id='word_1_151' title='bbox 377 2047 482 2130; x_wconf 82' lang='lat' dir='ltr'><strong>lipare,</strong></span> <span class='ocrx_word' id='word_1_152' title='bbox 500 2049 549 2114; x_wconf 93' lang='lat' dir='ltr'><strong>uti</strong></span> <span class='ocrx_word' id='word_1_153' title='bbox 562 2049 720 2113; x_wconf 89' lang='lat' dir='ltr'><strong>homines.</strong></span> <span class='ocrx_word' id='word_1_154' title='bbox 737 2043 845 2127; x_wconf 78' lang='lat' dir='ltr'><strong>Haec,</strong></span> <span class='ocrx_word' id='word_1_155' title='bbox 858 2048 932 2113; x_wconf 92' lang='lat' dir='ltr'><strong>licet</strong></span> <span class='ocrx_word' id='word_1_156' title='bbox 948 2046 1064 2112; x_wconf 82' lang='lat' dir='ltr'><strong>affabre</strong></span> <span class='ocrx_word' id='word_1_157' title='bbox 1078 2046 1272 2112; x_wconf 87' lang='lat' dir='ltr'><strong>elaboratam</strong></span> <span class='ocrx_word' id='word_1_158' title='bbox 1286 2053 1319 2111; x_wconf 91' lang='lat' dir='ltr'><strong>ct</strong></span> <span class='ocrx_word' id='word_1_159' title='bbox 1336 2048 1402 2112; x_wconf 87' lang='lat' dir='ltr'><strong>iere</strong></span> <span class='ocrx_word' id='word_1_160' title='bbox 1416 2066 1495 2112; x_wconf 89' lang='lat' dir='ltr'><strong>con-</strong></span> 
     </span>
     <span class='ocr_line' id='line_1_22' title="bbox 378 2134 1492 2219; baseline 0 -19"><span class='ocrx_word' id='word_1_161' title='bbox 378 2135 501 2201; x_wconf 90' lang='lat' dir='ltr'><strong>tinuam</strong></span> <span class='ocrx_word' id='word_1_162' title='bbox 517 2154 623 2201; x_wconf 88' lang='lat' dir='ltr'><strong>rerum</strong></span> <span class='ocrx_word' id='word_1_163' title='bbox 637 2139 814 2201; x_wconf 88' lang='lat' dir='ltr'><strong>creatarum</strong></span> <span class='ocrx_word' id='word_1_164' title='bbox 825 2137 940 2202; x_wconf 91' lang='lat' dir='ltr'><strong>seriem</strong></span> <span class='ocrx_word' id='word_1_165' title='bbox 951 2137 1158 2210; x_wconf 90' lang='lat' dir='ltr'><strong>constituant,</strong></span> <span class='ocrx_word' id='word_1_166' title='bbox 1172 2134 1294 2219; x_wconf 90' lang='lat' dir='ltr'><strong>aliaque</strong></span> <span class='ocrx_word' id='word_1_167' title='bbox 1309 2135 1380 2202; x_wconf 87' lang='lat' dir='ltr'><strong>aliis</strong></span> <span class='ocrx_word' id='word_1_168' title='bbox 1392 2136 1492 2200; x_wconf 88' lang='lat' dir='ltr'><strong>inseri</strong></span> 
     </span>
     <span class='ocr_line' id='line_1_23' title="bbox 380 2223 1493 2307; baseline 0.001 -19"><span class='ocrx_word' id='word_1_169' title='bbox 380 2223 557 2299; x_wconf 79' lang='lat' dir='ltr'><strong>videantur3</strong></span> <span class='ocrx_word' id='word_1_170' title='bbox 569 2230 677 2290; x_wconf 89' lang='lat' dir='ltr'><strong>tamen</strong></span> <span class='ocrx_word' id='word_1_171' title='bbox 689 2225 767 2289; x_wconf 90' lang='lat' dir='ltr'><strong>adeo</strong></span> <span class='ocrx_word' id='word_1_172' title='bbox 779 2243 893 2307; x_wconf 83' lang='lat' dir='ltr'><strong>genera</strong></span> <span class='ocrx_word' id='word_1_173' title='bbox 901 2225 1069 2307; x_wconf 80' lang='lat' dir='ltr'><strong>generibus</strong></span> <span class='ocrx_word' id='word_1_174' title='bbox 1081 2224 1274 2305; x_wconf 88' lang='lat' dir='ltr'><strong>discrepant,</strong></span> <span class='ocrx_word' id='word_1_175' title='bbox 1285 2233 1321 2289; x_wconf 90' lang='lat' dir='ltr'><strong>ut</strong></span> <span class='ocrx_word' id='word_1_176' title='bbox 1333 2243 1493 2306; x_wconf 90' lang='lat' dir='ltr'><strong>nunquam</strong></span> 
     </span>
     <span class='ocr_line' id='line_1_24' title="bbox 381 2310 1492 2396; baseline 0.004 -21"><span class='ocrx_word' id='word_1_177' title='bbox 381 2310 424 2377; x_wconf 88' lang='lat' dir='ltr'><strong>sit</strong></span> <span class='ocrx_word' id='word_1_178' title='bbox 439 2331 618 2396; x_wconf 80' lang='lat' dir='ltr'><strong>progressus</strong></span> <span class='ocrx_word' id='word_1_179' title='bbox 637 2315 683 2379; x_wconf 90' lang='lat' dir='ltr'><strong>vel</strong></span> <span class='ocrx_word' id='word_1_180' title='bbox 699 2315 849 2380; x_wconf 80' lang='lat' dir='ltr'><strong>transitus</strong></span> <span class='ocrx_word' id='word_1_181' title='bbox 864 2314 903 2379; x_wconf 93' lang='lat' dir='ltr'><strong>de</strong></span> <span class='ocrx_word' id='word_1_182' title='bbox 917 2331 981 2377; x_wconf 93' lang='lat' dir='ltr'><strong>uno</strong></span> <span class='ocrx_word' id='word_1_183' title='bbox 996 2313 1030 2377; x_wconf 88' lang='lat' dir='ltr'><strong>in</strong></span> <span class='ocrx_word' id='word_1_184' title='bbox 1047 2313 1223 2390; x_wconf 88' lang='lat' dir='ltr'><strong>aliud,aum</strong></span> <span class='ocrx_word' id='word_1_185' title='bbox 1236 2315 1492 2395; x_wconf 85' lang='lat' dir='ltr'><strong>unumquodque,</strong></span> 
     </span>
     <span class='ocr_line' id='line_1_25' title="bbox 380 2401 1491 2483; baseline 0.002 -19"><span class='ocrx_word' id='word_1_186' title='bbox 380 2417 475 2481; x_wconf 91' lang='lat' dir='ltr'><strong>quarn</strong></span> <span class='ocrx_word' id='word_1_187' title='bbox 487 2401 662 2468; x_wconf 84' lang='lat' dir='ltr'><strong>aGreatore</strong></span> <span class='ocrx_word' id='word_1_188' title='bbox 673 2401 782 2469; x_wconf 89' lang='lat' dir='ltr'><strong>babuit</strong></span> <span class='ocrx_word' id='word_1_189' title='bbox 796 2408 940 2468; x_wconf 90' lang='lat' dir='ltr'><strong>naturam</strong></span> <span class='ocrx_word' id='word_1_190' title='bbox 952 2406 1046 2483; x_wconf 88' lang='lat' dir='ltr'><strong>atque</strong></span> <span class='ocrx_word' id='word_1_191' title='bbox 1057 2401 1238 2476; x_wconf 79' lang='lat' dir='ltr'><strong>essentiam,</strong></span> <span class='ocrx_word' id='word_1_192' title='bbox 1249 2401 1330 2466; x_wconf 90' lang='lat' dir='ltr'><strong>banc</strong></span> <span class='ocrx_word' id='word_1_193' title='bbox 1342 2403 1491 2468; x_wconf 92' lang='lat' dir='ltr'><strong>retineat.</strong></span> 
     </span>
     <span class='ocr_line' id='line_1_26' title="bbox 380 2489 1493 2573; baseline 0.001 -20"><span class='ocrx_word' id='word_1_194' title='bbox 380 2489 524 2572; x_wconf 90' lang='lat' dir='ltr'><strong>Insuper,</strong></span> <span class='ocrx_word' id='word_1_195' title='bbox 543 2491 577 2554; x_wconf 94' lang='lat' dir='ltr'><strong>in</strong></span> <span class='ocrx_word' id='word_1_196' title='bbox 593 2490 705 2572; x_wconf 91' lang='lat' dir='ltr'><strong>primis</strong></span> <span class='ocrx_word' id='word_1_197' title='bbox 720 2491 783 2556; x_wconf 90' lang='lat' dir='ltr'><strong>illis</strong></span> <span class='ocrx_word' id='word_1_198' title='bbox 794 2491 971 2573; x_wconf 82' lang='lat' dir='ltr'><strong>generibus,</strong></span> <span class='ocrx_word' id='word_1_199' title='bbox 986 2489 1248 2566; x_wconf 89' lang='lat' dir='ltr'><strong>inmineraiibus,</strong></span> <span class='ocrx_word' id='word_1_200' title='bbox 1266 2491 1300 2554; x_wconf 95' lang='lat' dir='ltr'><strong>in</strong></span> <span class='ocrx_word' id='word_1_201' title='bbox 1316 2490 1443 2573; x_wconf 91' lang='lat' dir='ltr'><strong>plantis,</strong></span> <span class='ocrx_word' id='word_1_202' title='bbox 1458 2491 1493 2554; x_wconf 94' lang='lat' dir='ltr'><strong>in</strong></span> 
     </span>
     <span class='ocr_line' id='line_1_27' title="bbox 380 2577 1493 2661; baseline 0.005 -23"><span class='ocrx_word' id='word_1_203' title='bbox 380 2577 482 2643; x_wconf 92' lang='lat' dir='ltr'><strong>brutis</strong></span> <span class='ocrx_word' id='word_1_204' title='bbox 493 2579 718 2653; x_wconf 84' lang='lat' dir='ltr'><strong>animantibus,</strong></span> <span class='ocrx_word' id='word_1_205' title='bbox 730 2580 815 2644; x_wconf 91' lang='lat' dir='ltr'><strong>nulla</strong></span> <span class='ocrx_word' id='word_1_206' title='bbox 823 2585 871 2644; x_wconf 92' lang='lat' dir='ltr'><strong>est</strong></span> <span class='ocrx_word' id='word_1_207' title='bbox 882 2579 1008 2645; x_wconf 88' lang='lat' dir='ltr'><strong>interna</strong></span> <span class='ocrx_word' id='word_1_208' title='bbox 1020 2586 1115 2661; x_wconf 92' lang='lat' dir='ltr'><strong>atque</strong></span> <span class='ocrx_word' id='word_1_209' title='bbox 1126 2578 1227 2643; x_wconf 88' lang='lat' dir='ltr'><strong>activa</strong></span> <span class='ocrx_word' id='word_1_210' title='bbox 1239 2579 1493 2660; x_wconf 88' lang='lat' dir='ltr'><strong>perfectibititas,</strong></span> 
     </span>
     <span class='ocr_line' id='line_1_28' title="bbox 378 2666 1496 2749; baseline 0.005 -21"><span class='ocrx_word' id='word_1_211' title='bbox 378 2667 432 2730; x_wconf 91' lang='lat' dir='ltr'><strong>sed</strong></span> <span class='ocrx_word' id='word_1_212' title='bbox 448 2671 579 2731; x_wconf 83' lang='lat' dir='ltr'><strong>externa</strong></span> <span class='ocrx_word' id='word_1_213' title='bbox 603 2671 728 2732; x_wconf 92' lang='lat' dir='ltr'><strong>tantum</strong></span> <span class='ocrx_word' id='word_1_214' title='bbox 742 2672 775 2732; x_wconf 92' lang='lat' dir='ltr'><strong>et</strong></span> <span class='ocrx_word' id='word_1_215' title='bbox 792 2669 925 2748; x_wconf 78' lang='lat' dir='ltr'><strong>passiva,</strong></span> <span class='ocrx_word' id='word_1_216' title='bbox 951 2685 1045 2749; x_wconf 88' lang='lat' dir='ltr'><strong>quam</strong></span> <span class='ocrx_word' id='word_1_217' title='bbox 1060 2670 1099 2734; x_wconf 88' lang='lat' dir='ltr'><strong>ab</strong></span> <span class='ocrx_word' id='word_1_218' title='bbox 1113 2666 1245 2731; x_wconf 94' lang='lat' dir='ltr'><strong>bomine</strong></span> <span class='ocrx_word' id='word_1_219' title='bbox 1268 2668 1441 2748; x_wconf 84' lang='lat' dir='ltr'><strong>accipiunt:</strong></span> <span class='ocrx_word' id='word_1_220' title='bbox 1462 2674 1496 2734; x_wconf 90' lang='lat' dir='ltr'><strong>et</strong></span> 
     </span>
     <span class='ocr_line' id='line_1_29' title="bbox 379 2755 1497 2840; baseline 0.004 -22"><span class='ocrx_word' id='word_1_221' title='bbox 379 2761 606 2837; x_wconf 80' lang='lat' dir='ltr'><strong>consequenter</strong></span> <span class='ocrx_word' id='word_1_222' title='bbox 621 2755 659 2819; x_wconf 92' lang='lat' dir='ltr'><strong>ad</strong></span> <span class='ocrx_word' id='word_1_223' title='bbox 674 2756 837 2820; x_wconf 90' lang='lat' dir='ltr'><strong>hominem</strong></span> <span class='ocrx_word' id='word_1_224' title='bbox 852 2756 1045 2831; x_wconf 84' lang='lat' dir='ltr'><strong>referuntur,</strong></span> <span class='ocrx_word' id='word_1_225' title='bbox 1060 2757 1151 2840; x_wconf 90' lang='lat' dir='ltr'><strong>eique</strong></span> <span class='ocrx_word' id='word_1_226' title='bbox 1166 2757 1308 2821; x_wconf 84' lang='lat' dir='ltr'><strong>subsunt.</strong></span> <span class='ocrx_word' id='word_1_227' title='bbox 1322 2757 1427 2822; x_wconf 85' lang='lat' dir='ltr'><strong>Homo</strong></span> <span class='ocrx_word' id='word_1_228' title='bbox 1440 2774 1497 2822; x_wconf 88' lang='lat' dir='ltr'><strong>au-</strong></span> 
     </span>
     <span class='ocr_line' id='line_1_30' title="bbox 380 2843 1499 2926; baseline 0.004 -20"><span class='ocrx_word' id='word_1_229' title='bbox 380 2847 458 2917; x_wconf 92' lang='lat' dir='ltr'><strong>tem,</strong></span> <span class='ocrx_word' id='word_1_230' title='bbox 477 2845 588 2908; x_wconf 84' lang='lat' dir='ltr'><strong>activis</strong></span> <span class='ocrx_word' id='word_1_231' title='bbox 603 2845 727 2925; x_wconf 89' lang='lat' dir='ltr'><strong>pollens</strong></span> <span class='ocrx_word' id='word_1_232' title='bbox 743 2843 955 2919; x_wconf 85' lang='lat' dir='ltr'><strong>facultatibus,</strong></span> <span class='ocrx_word' id='word_1_233' title='bbox 969 2845 1044 2909; x_wconf 94' lang='lat' dir='ltr'><strong>inde</strong></span> <span class='ocrx_word' id='word_1_234' title='bbox 1060 2863 1152 2910; x_wconf 85' lang='lat' dir='ltr'><strong>verae</strong></span> <span class='ocrx_word' id='word_1_235' title='bbox 1167 2845 1372 2926; x_wconf 85' lang='lat' dir='ltr'><strong>perfectionis</strong></span> <span class='ocrx_word' id='word_1_236' title='bbox 1384 2851 1433 2911; x_wconf 91' lang='lat' dir='ltr'><strong>est</strong></span> <span class='ocrx_word' id='word_1_237' title='bbox 1446 2864 1499 2910; x_wconf 91' lang='lat' dir='ltr'><strong>ca-</strong></span> 
     </span>
     <span class='ocr_line' id='line_1_31' title="bbox 382 2931 1497 3018; baseline 0.002 -23"><span class='ocrx_word' id='word_1_238' title='bbox 382 2949 456 3011; x_wconf 84' lang='lat' dir='ltr'><strong>pax,</strong></span> <span class='ocrx_word' id='word_1_239' title='bbox 474 2933 642 2998; x_wconf 89' lang='lat' dir='ltr'><strong>creationis</strong></span> <span class='ocrx_word' id='word_1_240' title='bbox 654 2950 732 3013; x_wconf 87' lang='lat' dir='ltr'><strong>opus</strong></span> <span class='ocrx_word' id='word_1_241' title='bbox 748 2933 926 3014; x_wconf 86' lang='lat' dir='ltr'><strong>perficiens,</strong></span> <span class='ocrx_word' id='word_1_242' title='bbox 939 2931 1062 3018; x_wconf 84' lang='lat' dir='ltr'><strong>sibique</strong></span> <span class='ocrx_word' id='word_1_243' title='bbox 1073 2933 1236 2998; x_wconf 91' lang='lat' dir='ltr'><strong>actionum</strong></span> <span class='ocrx_word' id='word_1_244' title='bbox 1248 2948 1375 2997; x_wconf 91' lang='lat' dir='ltr'><strong>suarum</strong></span> <span class='ocrx_word' id='word_1_245' title='bbox 1386 2938 1497 3000; x_wconf 89' lang='lat' dir='ltr'><strong>auctor</strong></span> 
     </span>
     <span class='ocr_line' id='line_1_32' title="bbox 383 3020 1133 3086; baseline 0.001 -5"><span class='ocrx_word' id='word_1_246' title='bbox 383 3024 415 3085; x_wconf 89' lang='lat' dir='ltr'><strong>et</strong></span> <span class='ocrx_word' id='word_1_247' title='bbox 431 3020 590 3086; x_wconf 84' lang='lat' dir='ltr'><strong>dominus.</strong></span> <span class='ocrx_word' id='word_1_248' title='bbox 961 3051 963 3054; x_wconf 95' lang='lat'>·</span> <span class='ocrx_word' id='word_1_249' title='bbox 1079 3072 1085 3084; x_wconf 94' lang='lat'><em>.</em></span> <span class='ocrx_word' id='word_1_250' title='bbox 1130 3075 1133 3082; x_wconf 31' lang='lat' dir='ltr'><strong>i</strong></span> 
     </span>
    </p>

    <p class='ocr_par' dir='ltr' id='par_1_6' title="bbox 382 3109 1500 3263">
     <span class='ocr_line' id='line_1_33' title="bbox 448 3109 1498 3194; baseline 0 -20"><span class='ocrx_word' id='word_1_251' title='bbox 448 3180 452 3186; x_wconf 62' lang='grc'>,</span> <span class='ocrx_word' id='word_1_252' title='bbox 475 3109 565 3175; x_wconf 89' lang='lat' dir='ltr'><strong>Vlli.</strong></span> <span class='ocrx_word' id='word_1_253' title='bbox 579 3110 762 3178; x_wconf 88' lang='lat' dir='ltr'><strong>Subiectum</strong></span> <span class='ocrx_word' id='word_1_254' title='bbox 773 3109 936 3175; x_wconf 89' lang='lat' dir='ltr'><strong>babemus:</strong></span> <span class='ocrx_word' id='word_1_255' title='bbox 949 3109 1219 3194; x_wconf 83' lang='lat' dir='ltr'><strong>perfectibiiitatis</strong></span> <span class='ocrx_word' id='word_1_256' title='bbox 1232 3111 1380 3174; x_wconf 83' lang='lat' dir='ltr'><strong>obtectam</strong></span> <span class='ocrx_word' id='word_1_257' title='bbox 1391 3111 1498 3193; x_wconf 93' lang='lat' dir='ltr'><strong>inqui-</strong></span> 
     </span>
     <span class='ocr_line' id='line_1_34' title="bbox 382 3216 1500 3263; baseline 0.002 -3"><span class='ocrx_word' id='word_1_258' title='bbox 382 3216 501 3263; x_wconf 89' lang='lat' dir='ltr'><strong>ramus.</strong></span> <span class='ocrx_word' id='word_1_259' title='bbox 1496 3257 1500 3262; x_wconf 91' lang='lat'>.</span> 
     </span>
    </p>

    <p class='ocr_par' dir='ltr' id='par_1_7' title="bbox 382 3286 1501 3816">
     <span class='ocr_line' id='line_1_35' title="bbox 471 3286 1497 3372; baseline -0.002 -18"><span class='ocrx_word' id='word_1_260' title='bbox 471 3287 638 3354; x_wconf 89' lang='lat' dir='ltr'><strong>Obiectum</strong></span> <span class='ocrx_word' id='word_1_261' title='bbox 653 3293 727 3354; x_wconf 90' lang='lat' dir='ltr'><strong>sunt</strong></span> <span class='ocrx_word' id='word_1_262' title='bbox 743 3305 780 3352; x_wconf 90' lang='lat' dir='ltr'><strong>ea</strong></span> <span class='ocrx_word' id='word_1_263' title='bbox 795 3305 874 3372; x_wconf 90' lang='lat' dir='ltr'><strong>quae</strong></span> <span class='ocrx_word' id='word_1_264' title='bbox 890 3287 929 3351; x_wconf 89' lang='lat' dir='ltr'><strong>ad</strong></span> <span class='ocrx_word' id='word_1_265' title='bbox 945 3286 1085 3352; x_wconf 89' lang='lat' dir='ltr'><strong>animam</strong></span> <span class='ocrx_word' id='word_1_266' title='bbox 1105 3288 1153 3354; x_wconf 89' lang='lat' dir='ltr'><strong>vel</strong></span> <span class='ocrx_word' id='word_1_267' title='bbox 1169 3288 1207 3351; x_wconf 96' lang='lat' dir='ltr'><strong>ad</strong></span> <span class='ocrx_word' id='word_1_268' title='bbox 1223 3305 1337 3368; x_wconf 88' lang='lat' dir='ltr'><strong>corpus</strong></span> <span class='ocrx_word' id='word_1_269' title='bbox 1352 3287 1497 3354; x_wconf 78' lang='lat' dir='ltr'><strong>referun-</strong></span> 
     </span>
     <span class='ocr_line' id='line_1_36' title="bbox 383 3374 1500 3458; baseline 0.004 -20"><span class='ocrx_word' id='word_1_270' title='bbox 383 3380 448 3438; x_wconf 90' lang='lat' dir='ltr'><strong>tur:</strong></span> <span class='ocrx_word' id='word_1_271' title='bbox 466 3374 566 3457; x_wconf 81' lang='lat' dir='ltr'><strong>igitur</strong></span> <span class='ocrx_word' id='word_1_272' title='bbox 581 3378 762 3456; x_wconf 80' lang='lat' dir='ltr'><strong>spiritualia</strong></span> <span class='ocrx_word' id='word_1_273' title='bbox 776 3383 807 3442; x_wconf 90' lang='lat' dir='ltr'><strong>et</strong></span> <span class='ocrx_word' id='word_1_274' title='bbox 824 3377 1013 3440; x_wconf 86' lang='lat' dir='ltr'><strong>materialia.</strong></span> <span class='ocrx_word' id='word_1_275' title='bbox 1032 3376 1065 3442; x_wconf 92' lang='lat' dir='ltr'><strong>Si</strong></span> <span class='ocrx_word' id='word_1_276' title='bbox 1078 3377 1191 3458; x_wconf 92' lang='lat' dir='ltr'><strong>spiritu</strong></span> <span class='ocrx_word' id='word_1_277' title='bbox 1208 3376 1352 3452; x_wconf 88' lang='lat' dir='ltr'><strong>vivimus,</strong></span> <span class='ocrx_word' id='word_1_278' title='bbox 1369 3378 1500 3458; x_wconf 83' lang='lat' dir='ltr'><strong>eodem-</strong></span> 
     </span>
     <span class='ocr_line' id='line_1_37' title="bbox 382 3463 1499 3546; baseline 0.005 -22"><span class='ocrx_word' id='word_1_279' title='bbox 382 3479 443 3543; x_wconf 91' lang='lat' dir='ltr'><strong>que</strong></span> <span class='ocrx_word' id='word_1_280' title='bbox 458 3464 603 3529; x_wconf 90' lang='lat' dir='ltr'><strong>caelestia</strong></span> <span class='ocrx_word' id='word_1_281' title='bbox 617 3468 651 3529; x_wconf 91' lang='lat' dir='ltr'><strong>et</strong></span> <span class='ocrx_word' id='word_1_282' title='bbox 666 3463 859 3528; x_wconf 89' lang='lat' dir='ltr'><strong>immortalia</strong></span> <span class='ocrx_word' id='word_1_283' title='bbox 875 3464 1066 3544; x_wconf 85' lang='lat' dir='ltr'><strong>appetimus,</strong></span> <span class='ocrx_word' id='word_1_284' title='bbox 1083 3466 1109 3528; x_wconf 92' lang='lat' dir='ltr'><strong>si</strong></span> <span class='ocrx_word' id='word_1_285' title='bbox 1123 3465 1194 3528; x_wconf 88' lang='lat' dir='ltr'><strong>[inis</strong></span> <span class='ocrx_word' id='word_1_286' title='bbox 1205 3464 1333 3546; x_wconf 91' lang='lat' dir='ltr'><strong>quidam</strong></span> <span class='ocrx_word' id='word_1_287' title='bbox 1345 3484 1453 3530; x_wconf 91' lang='lat' dir='ltr'><strong>sensus</strong></span> <span class='ocrx_word' id='word_1_288' title='bbox 1466 3472 1499 3531; x_wconf 88' lang='lat' dir='ltr'><strong>et</strong></span> 
     </span>
     <span class='ocr_line' id='line_1_38' title="bbox 383 3550 1498 3637; baseline 0.006 -25"><span class='ocrx_word' id='word_1_289' title='bbox 383 3567 514 3632; x_wconf 90' lang='lat' dir='ltr'><strong>corpora</strong></span> <span class='ocrx_word' id='word_1_290' title='bbox 526 3554 762 3625; x_wconf 87' lang='lat' dir='ltr'><strong>transcendens,</strong></span> <span class='ocrx_word' id='word_1_291' title='bbox 772 3550 895 3614; x_wconf 91' lang='lat' dir='ltr'><strong>bomini</strong></span> <span class='ocrx_word' id='word_1_292' title='bbox 904 3556 951 3617; x_wconf 89' lang='lat' dir='ltr'><strong>est</strong></span> <span class='ocrx_word' id='word_1_293' title='bbox 959 3554 1162 3628; x_wconf 86' lang='lat' dir='ltr'><strong>constitutus,</strong></span> <span class='ocrx_word' id='word_1_294' title='bbox 1173 3554 1313 3635; x_wconf 90' lang='lat' dir='ltr'><strong>sequitur</strong></span> <span class='ocrx_word' id='word_1_295' title='bbox 1324 3554 1498 3637; x_wconf 85' lang='lat' dir='ltr'><strong>perfectio-</strong></span> 
     </span>
     <span class='ocr_line' id='line_1_39' title="bbox 383 3637 1500 3722; baseline 0.007 -23"><span class='ocrx_word' id='word_1_296' title='bbox 383 3637 432 3700; x_wconf 89' lang='lat' dir='ltr'><strong>nis</strong></span> <span class='ocrx_word' id='word_1_297' title='bbox 448 3638 665 3704; x_wconf 85' lang='lat' dir='ltr'><strong>excellentiam</strong></span> <span class='ocrx_word' id='word_1_298' title='bbox 681 3641 715 3704; x_wconf 94' lang='lat' dir='ltr'><strong>in</strong></span> <span class='ocrx_word' id='word_1_299' title='bbox 732 3638 849 3713; x_wconf 88' lang='lat' dir='ltr'><strong>anima,</strong></span> <span class='ocrx_word' id='word_1_300' title='bbox 866 3641 972 3721; x_wconf 90' lang='lat' dir='ltr'><strong>potius</strong></span> <span class='ocrx_word' id='word_1_301' title='bbox 987 3659 1081 3722; x_wconf 91' lang='lat' dir='ltr'><strong>quam</strong></span> <span class='ocrx_word' id='word_1_302' title='bbox 1096 3642 1130 3705; x_wconf 93' lang='lat' dir='ltr'><strong>in</strong></span> <span class='ocrx_word' id='word_1_303' title='bbox 1145 3659 1292 3722; x_wconf 84' lang='lat' dir='ltr'><strong>corpore,</strong></span> <span class='ocrx_word' id='word_1_304' title='bbox 1311 3643 1345 3706; x_wconf 92' lang='lat' dir='ltr'><strong>in</strong></span> <span class='ocrx_word' id='word_1_305' title='bbox 1356 3643 1500 3707; x_wconf 91' lang='lat' dir='ltr'><strong>moribus</strong></span> 
     </span>
     <span class='ocr_line' id='line_1_40' title="bbox 382 3724 1501 3816; baseline 0.008 -29"><span class='ocrx_word' id='word_1_306' title='bbox 382 3724 597 3808; x_wconf 89' lang='lat' dir='ltr'><strong>potiusquam</strong></span> <span class='ocrx_word' id='word_1_307' title='bbox 613 3727 646 3790; x_wconf 94' lang='lat' dir='ltr'><strong>in</strong></span> <span class='ocrx_word' id='word_1_308' title='bbox 662 3727 791 3808; x_wconf 91' lang='lat' dir='ltr'><strong>reliquis</strong></span> <span class='ocrx_word' id='word_1_309' title='bbox 807 3744 872 3792; x_wconf 91' lang='lat' dir='ltr'><strong>esse</strong></span> <span class='ocrx_word' id='word_1_310' title='bbox 887 3731 1100 3811; x_wconf 91' lang='lat' dir='ltr'><strong>reponendam</strong></span> <span class='ocrx_word' id='word_1_311' title='bbox 1112 3729 1165 3816; x_wconf 82' lang='lat' dir='ltr'><strong>(a).</strong></span> <span class='ocrx_word' id='word_1_312' title='bbox 1183 3729 1324 3811; x_wconf 84' lang='lat' dir='ltr'><strong>Corpore</strong></span> <span class='ocrx_word' id='word_1_313' title='bbox 1339 3731 1439 3808; x_wconf 89' lang='lat' dir='ltr'><strong>enim,</strong></span> <span class='ocrx_word' id='word_1_314' title='bbox 1460 3733 1501 3796; x_wconf 90' lang='lat' dir='ltr'><strong>li-</strong></span> 
     </span>
    </p>
   </div>
   <div class='ocr_carea' id='block_1_4' title="bbox 382 3920 1500 4602">
    <p class='ocr_par' dir='ltr' id='par_1_8' title="bbox 382 3920 1500 4602">
     <span class='ocr_line' id='line_1_41' title="bbox 459 3920 1499 3998; baseline 0.003 -18"><span class='ocrx_word' id='word_1_315' title='bbox 459 3920 498 3997; x_wconf 82' lang='lat' dir='ltr'><strong>(a)</strong></span> <span class='ocrx_word' id='word_1_316' title='bbox 518 3923 610 3980; x_wconf 90' lang='lat' dir='ltr'><strong>Nonne</strong></span> <span class='ocrx_word' id='word_1_317' title='bbox 631 3921 789 3994; x_wconf 82' lang='lat' dir='ltr'><strong>dolendum,</strong></span> <span class='ocrx_word' id='word_1_318' title='bbox 804 3939 861 3986; x_wconf 80' lang='lat' dir='ltr'><strong>nos</strong></span> <span class='ocrx_word' id='word_1_319' title='bbox 875 3925 901 3980; x_wconf 93' lang='lat' dir='ltr'><strong>in</strong></span> <span class='ocrx_word' id='word_1_320' title='bbox 915 3928 989 3980; x_wconf 72' lang='lat' dir='ltr'><strong>muts</strong></span> <span class='ocrx_word' id='word_1_321' title='bbox 1003 3924 1174 3995; x_wconf 77' lang='lat' dir='ltr'><strong>perfeetionis</strong></span> <span class='ocrx_word' id='word_1_322' title='bbox 1195 3931 1223 3982; x_wconf 89' lang='lat' dir='ltr'><strong>et</strong></span> <span class='ocrx_word' id='word_1_323' title='bbox 1237 3923 1356 3983; x_wconf 89' lang='lat' dir='ltr'><strong>civilium</strong></span> <span class='ocrx_word' id='word_1_324' title='bbox 1373 3925 1499 3998; x_wconf 89' lang='lat' dir='ltr'><strong>discipli-</strong></span> 
     </span>
     <span class='ocr_line' id='line_1_42' title="bbox 383 3998 1499 4074; baseline 0.004 -21"><span class='ocrx_word' id='word_1_325' title='bbox 383 4009 481 4054; x_wconf 85' lang='lat' dir='ltr'><strong>narum</strong></span> <span class='ocrx_word' id='word_1_326' title='bbox 493 3998 681 4069; x_wconf 87' lang='lat' dir='ltr'><strong>ostentatione,</strong></span> <span class='ocrx_word' id='word_1_327' title='bbox 696 4015 750 4056; x_wconf 92' lang='lat' dir='ltr'><strong>non</strong></span> <span class='ocrx_word' id='word_1_328' title='bbox 764 4014 824 4056; x_wconf 85' lang='lat' dir='ltr'><strong>eam</strong></span> <span class='ocrx_word' id='word_1_329' title='bbox 836 4000 958 4072; x_wconf 82' lang='lat' dir='ltr'><strong>attigisse</strong></span> <span class='ocrx_word' id='word_1_330' title='bbox 974 4001 1119 4072; x_wconf 86' lang='lat' dir='ltr'><strong>sapientiae</strong></span> <span class='ocrx_word' id='word_1_331' title='bbox 1131 4001 1249 4074; x_wconf 86' lang='lat' dir='ltr'><strong>laudem,</strong></span> <span class='ocrx_word' id='word_1_332' title='bbox 1261 4017 1315 4074; x_wconf 85' lang='lat' dir='ltr'><strong>qua</strong></span> <span class='ocrx_word' id='word_1_333' title='bbox 1324 4001 1367 4058; x_wconf 83' lang='lat' dir='ltr'><strong>vei</strong></span> <span class='ocrx_word' id='word_1_334' title='bbox 1377 4001 1499 4060; x_wconf 84' lang='lat' dir='ltr'><strong>Gentiles</strong></span> 
     </span>
     <span class='ocr_line' id='line_1_43' title="bbox 383 4072 1499 4148; baseline 0.005 -19"><span class='ocrx_word' id='word_1_335' title='bbox 383 4072 658 4131; x_wconf 85' lang='lat' dir='ltr'><strong>commendabantur?</strong></span> <span class='ocrx_word' id='word_1_336' title='bbox 670 4073 711 4130; x_wconf 85' lang='lat' dir='ltr'><strong>En</strong></span> <span class='ocrx_word' id='word_1_337' title='bbox 724 4090 777 4148; x_wconf 93' lang='lat' dir='ltr'><strong>quo</strong></span> <span class='ocrx_word' id='word_1_338' title='bbox 791 4075 850 4132; x_wconf 92' lang='lat' dir='ltr'><strong>ioco</strong></span> <span class='ocrx_word' id='word_1_339' title='bbox 867 4075 1022 4132; x_wconf 80' lang='lat' dir='ltr'><strong>adicerone</strong></span> <span class='ocrx_word' id='word_1_340' title='bbox 1036 4076 1116 4132; x_wconf 87' lang='lat' dir='ltr'><strong>animi</strong></span> <span class='ocrx_word' id='word_1_341' title='bbox 1132 4075 1223 4132; x_wconf 85' lang='lat' dir='ltr'><strong>nultus</strong></span> <span class='ocrx_word' id='word_1_342' title='bbox 1241 4083 1268 4132; x_wconf 90' lang='lat' dir='ltr'><strong>et</strong></span> <span class='ocrx_word' id='word_1_343' title='bbox 1281 4077 1405 4148; x_wconf 85' lang='lat' dir='ltr'><strong>corporis</strong></span> <span class='ocrx_word' id='word_1_344' title='bbox 1420 4077 1499 4135; x_wconf 88' lang='lat' dir='ltr'><strong>volu·</strong></span> 
     </span>
     <span class='ocr_line' id='line_1_44' title="bbox 383 4143 1500 4224; baseline 0.006 -21"><span class='ocrx_word' id='word_1_345' title='bbox 383 4152 455 4220; x_wconf 83' lang='lat' dir='ltr'><strong>ptos,</strong></span> <span class='ocrx_word' id='word_1_346' title='bbox 476 4147 565 4205; x_wconf 89' lang='lat' dir='ltr'><strong>habita</strong></span> <span class='ocrx_word' id='word_1_347' title='bbox 583 4150 646 4206; x_wconf 91' lang='lat' dir='ltr'><strong>sint:</strong></span> <span class='ocrx_word' id='word_1_348' title='bbox 666 4169 676 4200; x_wconf 81' lang='lat' dir='ltr'><strong>a</strong></span> <span class='ocrx_word' id='word_1_349' title='bbox 687 4143 761 4212; x_wconf 79' lang='lat' dir='ltr'><strong>¹itiam</strong></span> <span class='ocrx_word' id='word_1_350' title='bbox 772 4151 960 4223; x_wconf 82' lang='lat' dir='ltr'><strong>comunimus,</strong></span> <span class='ocrx_word' id='word_1_351' title='bbox 972 4151 1096 4222; x_wconf 81' lang='lat' dir='ltr'><strong>cognitis,</strong></span> <span class='ocrx_word' id='word_1_352' title='bbox 1111 4152 1303 4224; x_wconf 86' lang='lat' dir='ltr'><strong>perceptisque</strong></span> <span class='ocrx_word' id='word_1_353' title='bbox 1314 4151 1500 4224; x_wconf 88' lang='lat' dir='ltr'><strong>virtutibus,a</strong></span> 
     </span>
     <span class='ocr_line' id='line_1_45' title="bbox 384 4222 1500 4301; baseline 0.005 -22"><span class='ocrx_word' id='word_1_354' title='bbox 384 4223 507 4293; x_wconf 90' lang='lat' dir='ltr'><strong>corporis</strong></span> <span class='ocrx_word' id='word_1_355' title='bbox 520 4222 658 4298; x_wconf 89' lang='lat' dir='ltr'><strong>obsequio,</strong></span> <span class='ocrx_word' id='word_1_356' title='bbox 680 4224 900 4298; x_wconf 79' lang='lat' dir='ltr'><strong>indulgentiaque</strong></span> <span class='ocrx_word' id='word_1_357' title='bbox 914 4223 1082 4300; x_wconf 81' lang='lat' dir='ltr'><strong>discesserit,</strong></span> <span class='ocrx_word' id='word_1_358' title='bbox 1096 4225 1343 4301; x_wconf 80' lang='lat' dir='ltr'><strong>voluptatemque,</strong></span> <span class='ocrx_word' id='word_1_359' title='bbox 1353 4230 1435 4290; x_wconf 77' lang='lat' dir='ltr'><strong>,sicat</strong></span> <span class='ocrx_word' id='word_1_360' title='bbox 1450 4227 1500 4286; x_wconf 86' lang='lat' dir='ltr'><strong>la·</strong></span> 
     </span>
     <span class='ocr_line' id='line_1_46' title="bbox 384 4296 1498 4374; baseline 0.007 -22"><span class='ocrx_word' id='word_1_361' title='bbox 384 4296 447 4354; x_wconf 87' lang='lat' dir='ltr'><strong>bem</strong></span> <span class='ocrx_word' id='word_1_362' title='bbox 459 4297 596 4370; x_wconf 85' lang='lat' dir='ltr'><strong>altqaam</strong></span> <span class='ocrx_word' id='word_1_363' title='bbox 612 4297 732 4367; x_wconf 82' lang='lat' dir='ltr'><strong>decoris,</strong></span> <span class='ocrx_word' id='word_1_364' title='bbox 747 4302 932 4374; x_wconf 80' lang='lat' dir='ltr'><strong>oppresserit,</strong></span> <span class='ocrx_word' id='word_1_365' title='bbox 949 4300 1158 4374; x_wconf 88' lang='lat' dir='ltr'><strong>societatemque</strong></span> <span class='ocrx_word' id='word_1_366' title='bbox 1172 4301 1311 4359; x_wconf 86' lang='lat' dir='ltr'><strong>eharitatis</strong></span> <span class='ocrx_word' id='word_1_367' title='bbox 1325 4301 1420 4360; x_wconf 86' lang='lat' dir='ltr'><strong>coierit</strong></span> <span class='ocrx_word' id='word_1_368' title='bbox 1434 4317 1498 4360; x_wconf 90' lang='lat' dir='ltr'><strong>cum</strong></span> 
     </span>
     <span class='ocr_line' id='line_1_47' title="bbox 385 4373 1500 4451; baseline 0.007 -25"><span class='ocrx_word' id='word_1_369' title='bbox 385 4373 454 4445; x_wconf 86' lang='lat' dir='ltr'><strong>suis,</strong></span> <span class='ocrx_word' id='word_1_370' title='bbox 468 4387 612 4445; x_wconf 91' lang='lat' dir='ltr'><strong>omnesque</strong></span> <span class='ocrx_word' id='word_1_371' title='bbox 632 4379 730 4445; x_wconf 80' lang='lat' dir='ltr'><strong>natura</strong></span> <span class='ocrx_word' id='word_1_372' title='bbox 747 4376 915 4444; x_wconf 88' lang='lat' dir='ltr'><strong>coniunctos,</strong></span> <span class='ocrx_word' id='word_1_373' title='bbox 938 4389 1000 4432; x_wconf 87' lang='lat' dir='ltr'><strong>suos</strong></span> <span class='ocrx_word' id='word_1_374' title='bbox 1013 4374 1132 4450; x_wconf 83' lang='lat' dir='ltr'><strong>duxerit,</strong></span> <span class='ocrx_word' id='word_1_375' title='bbox 1149 4376 1308 4450; x_wconf 89' lang='lat' dir='ltr'><strong>cultumque</strong></span> <span class='ocrx_word' id='word_1_376' title='bbox 1325 4379 1455 4451; x_wconf 83' lang='lat' dir='ltr'><strong>beorum,</strong></span> <span class='ocrx_word' id='word_1_377' title='bbox 1471 4384 1500 4434; x_wconf 90' lang='lat' dir='ltr'><strong>et</strong></span> 
     </span>
     <span class='ocr_line' id='line_1_48' title="bbox 386 4447 1499 4526; baseline 0.006 -24"><span class='ocrx_word' id='word_1_378' title='bbox 386 4460 481 4516; x_wconf 85' lang='lat' dir='ltr'><strong>puram</strong></span> <span class='ocrx_word' id='word_1_379' title='bbox 495 4447 652 4521; x_wconf 76' lang='lat' dir='ltr'><strong>religionem</strong></span> <span class='ocrx_word' id='word_1_380' title='bbox 666 4451 830 4521; x_wconf 89' lang='lat' dir='ltr'><strong>susceperit,</strong></span> <span class='ocrx_word' id='word_1_381' title='bbox 845 4454 873 4505; x_wconf 89' lang='lat' dir='ltr'><strong>et</strong></span> <span class='ocrx_word' id='word_1_382' title='bbox 886 4451 1023 4508; x_wconf 84' lang='lat' dir='ltr'><strong>exacuerit</strong></span> <span class='ocrx_word' id='word_1_383' title='bbox 1035 4450 1107 4508; x_wconf 87' lang='lat' dir='ltr'><strong>illam</strong></span> <span class='ocrx_word' id='word_1_384' title='bbox 1139 4457 1171 4508; x_wconf 91' lang='lat' dir='ltr'><strong>ut</strong></span> <span class='ocrx_word' id='word_1_385' title='bbox 1180 4451 1332 4526; x_wconf 84' lang='lat' dir='ltr'><strong>oculorum,</strong></span> <span class='ocrx_word' id='word_1_386' title='bbox 1348 4453 1386 4509; x_wconf 88' lang='lat' dir='ltr'><strong>sio</strong></span> <span class='ocrx_word' id='word_1_387' title='bbox 1401 4452 1499 4524; x_wconf 83' lang='lat' dir='ltr'><strong>ingenii</strong></span> 
     </span>
     <span class='ocr_line' id='line_1_49' title="bbox 382 4495 1499 4602; baseline 0.006 -25"><span class='ocrx_word' id='word_1_388' title='bbox 382 4521 482 4599; x_wconf 84' lang='lat' dir='ltr'><strong>aciem,</strong></span> <span class='ocrx_word' id='word_1_389' title='bbox 493 4525 527 4584; x_wconf 88' lang='lat' dir='ltr'><strong>ad</strong></span> <span class='ocrx_word' id='word_1_390' title='bbox 537 4524 605 4582; x_wconf 89' lang='lat' dir='ltr'><strong>bona</strong></span> <span class='ocrx_word' id='word_1_391' title='bbox 615 4522 761 4600; x_wconf 75' lang='lat' dir='ltr'><strong>diligenda,</strong></span> <span class='ocrx_word' id='word_1_392' title='bbox 772 4531 799 4585; x_wconf 90' lang='lat' dir='ltr'><strong>et</strong></span> <span class='ocrx_word' id='word_1_393' title='bbox 810 4523 953 4587; x_wconf 81' lang='lat' dir='ltr'><strong>reicienda</strong></span> <span class='ocrx_word' id='word_1_394' title='bbox 964 4527 1096 4586; x_wconf 88' lang='lat' dir='ltr'><strong>contraria</strong></span> <span class='ocrx_word' id='word_1_395' title='bbox 1109 4495 1186 4602; x_wconf 65' lang='lat' dir='ltr'><strong>(quae</strong></span> <span class='ocrx_word' id='word_1_396' title='bbox 1195 4527 1278 4586; x_wconf 86' lang='lat' dir='ltr'><strong>virtus</strong></span> <span class='ocrx_word' id='word_1_397' title='bbox 1291 4543 1325 4586; x_wconf 83' lang='lat' dir='ltr'><strong>es</strong></span> <span class='ocrx_word' id='word_1_398' title='bbox 1333 4526 1499 4602; x_wconf 88' lang='lat' dir='ltr'><strong>providendo</strong></span> 
     </span>
    </p>
   </div>
   <div class='ocr_carea' id='block_1_5' title="bbox 0 0 1630 5282">
    <p class='ocr_par' dir='ltr' id='par_1_9' title="bbox 0 0 1630 5282">
     <span class='ocr_line' id='line_1_50' title="bbox 0 0 1630 5282; baseline 0 0"><span class='ocrx_word' id='word_1_399' title='bbox 0 0 1630 5282; x_wconf 95' lang='lat' dir='ltr'><strong> </strong></span> 
     </span>
    </p>
   </div>
  </div>
 </body>
</html>
