3238 5282
413 512 780 642 -lrr-ruuus
817 459 908 592 aiv.

139 759 144 764 -
268 725 312 776 bu
327 720 404 775 lulla
419 721 560 772 leoninis
575 721 608 772 ΙΝ
624 723 797 785 bouillart,
815 723 877 801 ΒΝ
892 703 936 773 Μ’
950 721 1142 774 snuvlwrn.

220 884 243 941 l.
258 883 386 954 Quaartb
398 881 434 940 de
446 880 519 939 iacto
529 887 560 946 et
573 880 607 938 de
622 867 691 940 ium.
708 882 744 939 ll.
760 882 959 959 Polptheismus
971 885 1000 940 et
1012 882 1131 944 servitur
1151 881 1265 940 obniun-

140 959 320 1033 *punlunlll
330 959 420 1032 lisque
433 956 524 1015 diviua
535 962 565 1016 et
576 957 694 1016 bumana
707 959 766 1017 iura
775 959 934 1018 turbantur.
948 959 993 1017 lv.
1007 959 1154 1016 serrorum
1167 971 1266 1016 nume·

142 1049 195 1092 rus
207 1040 237 1092 et
250 1033 375 1108 pericula
386 1032 461 1106 apud
473 1034 601 1104 Graecosr
614 1034 649 1098 l2
662 1035 736 1105 apud
749 1037 895 1093 Romarm.
906 1035 952 1094 Vl.
971 1033 1116 1108 ingeniosa
1126 1041 1156 1094 et
1166 1033 1265 1108 lrigidr

143 1109 320 1169 dominorum
333 1106 560 1168 erudelitaaavll.
569 1109 654 1166 llorte
664 1101 847 1194 prioratui,
862 1108 972 1168 Nullum
987 1108 1055 1184 legis
1064 1109 1264 1184 adiumentum,

142 1184 256 1243 domino
268 1187 370 1258 occiso,
383 1181 617 1241 indiscriminatim
629 1183 826 1244 caedebantur.
842 1179 890 1244 ix.
905 1185 961 1244 Nee
975 1186 1081 1242 suavior
1094 1200 1178 1243 sorus
1190 1187 1264 1258 quia

143 1260 249 1333 pietate
262 1265 447 1332 nuncupatur.
462 1258 496 1316 ll.
510 1257 570 1316 lina
583 1260 625 1316 iur
638 1261 806 1333 philosophia
819 1269 851 1320 et
861 1260 938 1336 leges
952 1258 1112 1318 attulerant.
1122 1261 1170 1318 lll.
1179 1261 1266 1318 Grae·

144 1336 188 1395 eir
199 1335 301 1410 duplex
314 1335 454 1394 bominum
464 1349 579 1407 penora
590 1340 698 1393 natura:
709 1334 797 1394 ltber'l
806 1343 834 1395 et
843 1339 931 1396 reret.
941 1336 1001 1393 xil.
1015 1337 1117 1394 llomae
1128 1331 1264 1408 iariapru·

141 1410 238 1470 dantia
256 1412 371 1484 saarim,
388 1411 450 1484 quia
464 1411 641 1484 excogitatibr
653 1416 682 1468 et
694 1411 808 1470 doctior.
824 1412 898 1470 lllll.
912 1412 996 1469 Cuius
1009 1412 1203 1483 superstitione
1216 1427 1266 1470 ea·

143 1486 260 1558 piuntur
274 1485 394 1559 plurimi.
410 1486 479 1546 xlv.
495 1485 530 1542 Et
543 1485 615 1544 bello
627 1487 714 1558 canti,
728 1487 1005 1546 hemerammum.
1019 1488 1143 1546 Seruitus
1155 1503 1267 1552 merce·

142 1565 251 1634 sorte,
267 1562 340 1620 licita
352 1567 381 1618 et
395 1555 547 1630 laudabilis.
563 1559 633 1624 hill.
651 1561 799 1630 obseura,
814 1562 931 1621 natumli
945 1561 1048 1620 unitate
1062 1568 1091 1620 et
1102 1563 1266 1636 aequalitate

138 1635 320 1711 reprobetur.
336 1635 420 1696 xvii.
433 1635 498 1696 Sala
511 1635 624 1695 tandem
637 1641 752 1698 ruiturae
767 1638 965 1697 restauratione
978 1637 1191 1697 oourauabatur.

232 1802 261 1870 1.
278 1802 402 1886 Duplex
415 1802 611 1886 quaestionis
635 1820 720 1886 pars:
737 1803 858 1887 sactum
873 1807 906 1869 et
920 1804 985 1870 lua.
1002 1801 1101 1871 Facto
1115 1803 1269 1884 historice

137 1892 298 1978 expositu,
316 1892 352 1957 in
364 1892 412 1955 ius
428 1891 543 1957 deiude
558 1892 772 1978 inquiremus,

231 1983 276 2055 11.
294 1983 333 2047 ln
348 1979 487 2046 deterius
503 1997 623 2048 versam
636 1980 804 2048 hominum
816 1985 849 2048 et
860 1981 1005 2064 gentium
1019 1983 1178 2059 naturam,
1193 1981 1270 2058 baec

138 2087 217 2156 prae
228 2069 377 2137 omuibus
388 2071 958 2153 commoremur:1.polooermua‚quo
970 2074 1136 2140 creaturae
1147 2091 1272 2138 earum-

138 2176 202 2243 que
222 2159 301 2226 vitia
317 2176 376 2242 pro
390 2157 533 2227 Numine
547 2157 751 2236 celebratum
770 2161 805 2226 2.
823 2161 970 2238 servitur,
988 2175 1050 2242 qua
1068 2158 1216 2228 homines
1231 2163 1271 2228 ad

137 2248 315 2315 bestiarum
325 2249 440 2316 intima
454 2235 715 2314 retrudebantur.
730 2248 820 2329 Quae
830 2247 893 2314 duo
908 2247 1167 2326 coniunctissima
1179 2257 1268 2317 aunt:

139 2354 216 2405 nam
230 2337 326 2404 sicuti
340 2337 472 2418 humani
478 2339 607 2419 generis
622 2336 741 2414 unitas,
749 2338 922 2422 aequalitas
933 2343 966 2403 et
977 2337 1270 2415 fraternitasmllei

135 2427 295 2518 ereptoris
307 2427 473 2492 unitateet
484 2425 679 2509 paternitate
691 2426 947 2508 proficiscuntum
958 2426 1017 2502 ita,
1028 2427 1087 2492 bae
1098 2431 1202 2494 evulsa
1214 2447 1271 2512 pa-

137 2516 304 2584 ternitatis
319 2515 456 2593 unitate,
470 2515 637 2580 bominum
648 2516 772 2598 pariter
783 2515 890 2582 unitas
900 2514 1132 2596 ebiratemitas
1143 2519 1271 2586 conrel-

138 2602 300 2682 lebautur.
318 2608 348 2670 A
362 2603 551 2686 quibusnam
564 2605 655 2669 vero?
665 2607 695 2668 A
711 2603 953 2686 philosophis‚a
963 2605 1237 2687 legumlatoribus,
1251 2627 1270 2678 a
1305 2605 1315 2624 ’

137 2693 343 2780 politissimis
353 2692 499 2775 gentium
509 2684 591 2774 quae
602 2693 760 2762 libertatis
771 2699 866 2778 atque
876 2691 1089 2763 humanitatis
1099 2713 1208 2762 amore
1216 2696 1270 2762 de-

138 2782 304 2868 peribant
319 2781 528 2848 scientiarum
544 2799 618 2847 vero
634 2789 667 2849 et
682 2782 801 2848 artium
812 2782 953 2848 eulmina
969 2783 1179 2866 attingerant.

230 2872 292 2940 111.
306 2869 417 2966 Itaque
427 2871 505 2936 dum
516 2870 712 2955 iniquissimi
724 2872 911 2938 mortalium
920 2873 1007 2938 inter
1017 2874 1148 2940 caelites
1160 2875 1273 2940 efferc-

139 2961 418 3046 bautur,maaima
429 2960 597 3026 hominurn
613 2979 685 3046 pars
697 2957 715 3025 e
727 2961 861 3039 iuribus,
872 2979 890 3026 e
903 2961 980 3037 vita,
990 2961 1273 3030 cirilibomiuum-

139 3069 203 3134 que
218 3046 378 3134 dignitate
400 3047 629 3130 depellebatur.
646 3049 717 3130 Qua
732 3049 905 3139 uniuersali
921 3049 1053 3116 humani
1067 3052 1194 3134 generis
1207 3053 1273 3124 ini·
1359 3039 1370 3063 ⁸

139 3140 356 3225 quitate‚iuia
371 3139 480 3204 omnia
496 3140 664 3218 naturalia,
686 3140 808 3216 civilia,
823 3139 1043 3216 oeconomica.
1060 3140 1202 3222 politica,
1222 3159 1273 3206 so-

134 3230 238 3320 cialia
251 3227 640 3313 pessumdabantur-Nam
659 3229 891 3315 polptbeismus
903 3227 1123 3307 iusdiviuum,
1136 3229 1273 3296 servitus

140 3319 317 3385 lrurnanurn
331 3319 383 3382 ius
396 3317 582 3383 abstulerat.
920 3362 925 3374 .

231 3407 292 3474 IV.
309 3406 402 3490 Apud
416 3405 568 3484 Graecos,
579 3425 716 3488 quorum
728 3408 834 3473 omnis
845 3405 913 3472 iere
929 3405 1092 3472 urbanitas
1103 3406 1142 3472 ad
1154 3409 1273 3482 Roma·

140 3495 1274 3580 noacommigraverat,quodam-Athenarumceusu‚eiriumvigintimil-

141 3585 198 3665 lia,
216 3603 378 3650 seruorum
393 3585 602 3670 quadraginta
617 3586 720 3651 millia
734 3584 889 3667 descripti
909 3591 994 3652 suut.
1012 3583 1206 3651 Summotim
1222 3603 1274 3649 ue-

139 3694 193 3750 ro,
210 3677 246 3740 in
262 3673 341 3739 urbe
355 3678 390 3738 et
405 3677 497 3740 extra
512 3674 636 3750 urbem,
655 3681 720 3742 tres
732 3678 864 3757 quartae
875 3675 1043 3740 hominurn
1055 3679 1175 3759 partes,
1185 3691 1275 3740 man-

141 3763 305 3846 cipiorum
320 3762 451 3830 nomine
465 3769 499 3828 et
514 3779 647 3838 censura
664 3763 872 3839 vexabantur,
890 3764 1074 3848 Thucydide
1097 3765 1272 3836 referente,

138 3855 176 3918 in
189 3853 273 3918 bello
285 3852 557 3936 Peloponnesiaco
567 3853 683 3935 viginti
693 3867 856 3919 serrorum
869 3850 972 3918 millia
985 3854 1024 3917 ad
1036 3853 1142 3920 hostes
1153 3852 1276 3918 deiece-

140 3946 228 4010 rant:
242 3945 355 4008 contra
367 3957 452 4019 aero,
465 3959 506 4007 ea
516 3942 619 4007 insula
631 3941 726 4016 Chios
738 3948 788 4009 tot
800 3943 834 4007 in
845 3942 1093 4008 Atheniensium
1108 3948 1213 4008 castra
1225 3943 1276 4006 iu-

141 4035 316 4106 cesserant,¹
333 4035 369 4096 ut
384 4029 536 4102 Gbieuses
551 4032 590 4096 ad
606 4038 748 4098 extrema
760 4031 977 4114 adigerentur.
995 4032 1180 4098 Penestium
1193 4033 1276 4114 apud

141 4120 452 4195 Thessalonicenses,
462 4125 496 4186 et
511 4121 688 4187 Hilotarum
701 4119 743 4205 (a)
758 4121 841 4203 apud
856 4119 1108 4203 Lacedaemonas
1123 4122 1278 4187 tumultus

140 4207 1277 4294 aceeditionesoummemorntPleiai).Suavitateinsolescunt‚aitAri-
1321 4201 1344 4273 ll
1376 4198 1523 4274 potere,

139 4299 286 4374 stoteles;
302 4298 423 4376 duritie
438 4303 559 4375 autern,
578 4299 611 4364 in
627 4300 774 4365 dominos
794 4305 1032 4383 exasperantur.
1051 4302 1181 4365 Frustra
1197 4317 1276 4381 quo-
1298 4279 1334 4354 ¹¹,
1354 4277 1378 4333 ⁷·

141 4387 414 4473 quqariatoteles
427 4393 461 4454 et
476 4389 568 4454 Plato
584 4387 634 4472 2),
653 4390 823 4456 monebant
840 4407 879 4478 ne
894 4387 999 4474 plures
1013 4389 1154 4454 eiusdem
1171 4390 1275 4470 regio-
1294 4389 1523 4536 cmliisgq’ole]

219 4548 262 4623 lc)
277 4551 409 4610 Pauoates
427 4558 457 4612 et
472 4550 588 4624 Hilotae,
600 4567 740 4610 serrorum
755 4553 872 4619 nornine.
890 4551 993 4611 llilolae
1006 4552 1073 4610 alieti
1085 4550 1120 4608 ab
1138 4550 1205 4608 urbe
1219 4553 1274 4609 lle·
1296 4547 1336 4600 5·
1350 4541 1421 4600 Pltl·
1443 4539 1524 4600 Poli-

143 4627 196 4700 loa,
211 4627 240 4686 iu
251 4628 435 4703 captiuitatem
446 4626 631 4705 ‘redactaque
649 4632 756 4691 nomine
766 4629 824 4704 jam
835 4643 977 4692 serrorum
988 4629 1070 4689 intimi
1082 4626 1270 4704 designantur.
1294 4623 1359 4689 tie,
1373 4618 1409 4694 ll,
1428 4615 1453 4673 7.
