3238 5282
599 301 734 354 rrruuus
749 303 784 352 ιι.
968 315 970 323 v
1074 243 1076 248 Ι
1147 281 1211 350 att

133 452 305 533 pubiicum,
318 457 351 515 et
367 449 450 512 maie
464 448 689 514 cohaerentem
704 466 868 534 emergere
882 459 1044 513 necessum
1056 448 1097 513 sit
1111 446 1152 531 1).
1166 471 1183 512 u
1197 449 1257 515 Er·
1298 445 1322 520 1)
1343 451 1386 505 De
1409 450 1472 527 Off.
1491 495 1498 524 ‚

132 559 173 620 go
188 557 344 605 summum
361 539 544 620 imperium,
562 539 597 602 in
612 539 753 621 qualibet
765 539 880 611 forma,
895 555 933 602 er
946 537 1134 618 imperantis
1150 539 1255 603 officio
1276 520 1311 596 ¹¹2
1330 521 1356 598 ⁷,
1369 527 1397 580 9.

131 647 309 710 emergens,
328 628 513 702 indivisum,
531 631 564 691 et
580 628 643 694 suis
654 645 688 692 se
701 625 819 692 viribus
835 643 995 692 exserens.
1014 627 1092 692 Ruit
1111 631 1251 708 pactum.

221 720 298 784 ΧΠ.
317 716 480 782 Universis
502 722 663 796 praestare
678 717 804 782 videtur
818 716 852 780 in
867 716 937 780 iure
950 716 1083 799 politico
1098 715 1254 781 Boebme-
1292 746 1318 822 2)
1334 751 1437 808 mm„
1467 758 1479 810 ἱ

130 805 404 888 rasatopposito
418 806 534 869 ceteris
549 822 710 887 processu,
726 810 821 887 negat
832 809 1046 880 contractum,
1060 805 1188 888 aliquod
1199 805 1254 870 ad·
1271 826 1319 883 tos
1332 825 1414 899 poet.
1429 773 1500 888 aar?

131 898 236 962 mittit
251 895 492 960 consectarium.
504 895 563 958 lite
577 895 794 978 impossibilis:
807 915 824 954 ιι
838 894 921 976 quod
933 895 1032 976 magis
1044 895 1146 960 fertur
1156 894 1252 961 homo
1270 914 1358 972 uere,
1378 903 1459 960 1709.

131 986 172 1048 ad
184 985 377 1061 libertatem,
386 1000 480 1066 quam
497 982 534 1046 ad
547 985 743 1049 subeundum
754 983 924 1064 imperium
937 985 1029 1048 civile
1037 979 1080 1066 3).
1092 1006 1109 1046 o
1118 984 1252 1066 Expres-
1291 975 1317 1061 3)
1333 976 1385 1046 ib,
1398 993 1425 1048 p.
1434 979 1497 1054 ¹5¹2

130 1093 202 1138 sum
219 1073 345 1154 aliquod
360 1076 500 1154 pactum,
517 1072 690 1154 imperium
705 1073 904 1148 antecedens,
923 1073 975 1137 vix
990 1073 1068 1153 fingi
1084 1077 1190 1154 potest
1204 1070 1248 1158 Is).
1271 1050 1338 1108 ⁰⁶¹¹·
1358 1051 1439 1111 ¹⁷²⁶·

130 1165 189 1227 Est
201 1162 376 1244 impietatis
387 1162 574 1242 figmentum
585 1161 627 1246 5).
639 1163 762 1243 Negata
775 1179 878 1235 causa,
888 1161 1058 1226 admittere
1070 1162 1193 1227 videtur
1204 1163 1251 1228 ef·
1290 1128 1318 1276 ἒ),
1333 1128 1484 1262 p'lffi'w

129 1247 1251 1334 fectum«Societasomniumvoiuntatemconiunctionemrefert,quae
1326 1220 1353 1274 p.
1489 1247 1496 1261 ‘

129 1342 165 1404 in
182 1343 359 1422 imperante
374 1339 593 1405 coadunantur
611 1345 706 1422 atque
722 1341 761 1403 ab
777 1357 815 1404 eo
828 1345 1026 1404 exercentur.
1047 1363 1065 1402 n
1082 1339 1141 1405 Sed
1158 1357 1251 1423 repu-

128 1435 208 1510 gnat
222 1429 369 1494 statim«
386 1428 529 1492 Potestas
544 1428 637 1497 debet
653 1447 719 1493 esse
735 1429 960 1510 independens,
975 1433 1009 1493 et
1025 1429 1167 1493 exerceri
1179 1430 1250 1493 iare

124 1520 259 1598 propte
274 1515 318 1600 6).
339 1541 356 1578 »
371 1518 473 1583 Mixta
490 1518 636 1598 imperia,
655 1523 688 1584 et
702 1519 829 1582 scissam
845 1518 879 1580 in
895 1518 1032 1582 diversas
1043 1522 1150 1598 partes
1165 1536 1250 1582 sum·
1289 1518 1316 1589 6)
1331 1533 1358 1588 p.
1372 1520 1438 1575 242.

129 1625 214 1670 mam
228 1607 464 1680 auctoritatem,
477 1607 585 1671 reiicit
597 1613 759 1690 tamquam
772 1615 949 1670 monstram
959 1607 1159 1687 reipublicae.
1171 1607 1249 1673 Sub·

126 1698 268 1760 ditorum
285 1695 529 1777 iura,perpauca
544 1702 578 1763 et
593 1697 791 1779 imperfecta:
805 1696 960 1760 subiectio
976 1695 1127 1779 aequalis,
1138 1696 1248 1777 iniqua

7 1813 10 1835 ι
126 1785 177 1850 vel
197 1785 230 1848 in
246 1783 379 1847 iniurias
405 1784 598 1861 resistentia3
618 1785 689 1867 iuga
705 1785 774 1866 ipsa
790 1785 958 1867 aliquando
982 1786 1093 1858 vetita,
1111 1785 1250 1859 interce

6 1903 9 1946 ι
123 1875 220 1938 dente
234 1873 393 1938 societatis
404 1878 509 1954 pacto,
521 1890 585 1937 non
602 1873 1026 1954 infringendmsubditorum
1044 1873 1158 1954 gioria,
1172 1876 1249 1940 obe-

125 1962 260 2027 dientia.
276 1963 437 2026 Humanus
450 1968 482 2028 et
497 1979 603 2042 sagax,
622 1966 746 2044 quoties
758 1964 935 2028 naturalem
952 1963 1095 2044 sequitur
1106 1965 1248 2044 aequita-

127 2057 208 2124 tem;
225 2051 331 2126 durus,
348 2051 506 2116 inclinans
521 2052 555 2115 in
571 2058 696 2135 pactum
713 2052 843 2128 sociale,
861 2051 1082 2133 utpericulum
1094 2051 1247 2133 effugeret

123 2141 211 2222 quod
228 2139 281 2203 itio
295 2140 491 2222 pandebatur
507 2139 560 2226 (α).

216 2229 301 2333 idaeo
317 2228 376 2294 illi:
394 2229 517 2311 quibus,
536 2228 676 2293 eschoia
692 2230 886 2310 germanica,
905 2228 1040 2294 addendi
1056 2227 1194 2294 Woitius
1214 2235 1247 2295 et

125 2319 309 2473 unntmmh·
329 2407 465 2474 Woliius
481 2403 732 2488 imperium'non
748 2406 880 2490 singulis
894 2406 1030 2479 confert,
1049 2407 1103 2469 sed
1118 2407 1245 2473 univer·

6 2531 8 2572 ι
126 2495 171 2559 sis
186 2494 229 2577 7),
247 2497 389 2580 aquibus
400 2498 434 2560 in
447 2501 604 2562 rectorem
618 2497 809 2568 transfertur
819 2496 1035 2577 civitatis‚qui
1051 2501 1180 2575 gentem
1191 2515 1244 2560 su·
1290 2497 1313 2571 7)
1329 2505 1379 2558 los
1395 2505 1494 2561 Note·

6 2659 7 2664 ἵ
127 2593 410 2664 ameepraesentatr
422 2587 505 2667 pacti
519 2602 593 2649 vero
605 2585 776 2650 euectuset
788 2586 1009 2666 consequentia
1020 2585 1181 2669 extemplo
1193 2604 1243 2650 re·
1265 2590 1319 2630 rae
1338 2585 1393 2634 etc.
1411 2607 1425 2622 ·
1442 2584 1494 2641 Ius

6 2713 9 2754 2
125 2679 246 2747 movet,
261 2673 419 2757 inquiens:
433 2675 505 2741 «Ut
522 2674 586 2738 iam
602 2674 720 2739 Rector
733 2674 872 2738 civitatis
884 2675 927 2738 sit
942 2674 1120 2738 subiectum
1136 2691 1244 2760 agon·
1267 2653 1406 2713 ⁶⁶me
1437 2670 1494 2711 Μ·

6 2801 8 2840 r
127 2762 342 2827 tediversum:
359 2781 493 2846 persona
508 2763 570 2826 ista
587 2763 729 2837 moratis,
745 2781 825 2844 quae
837 2768 929 2828 antea
942 2760 976 2824 in
993 2767 1087 2842 gente
1098 2763 1244 2828 universa

1262 2727 1387 2801 trecate,
1409 2728 1491 2786 litt.

125 2851 326 2926 subsistebat,
345 2871 427 2918 nunc
443 2852 477 2915 in
493 2851 556 2915 aiio
572 2851 734 2916 individuo
748 2851 878 2936 physico
886 2851 1030 2915 subsistit
1045 2847 1089 2930 8).
1107 2854 1244 2934 »Impe—
1285 2855 1310 2923 8)
1331 2861 1354 2914 l.
1380 2860 1415 2917 G.
1432 2861 1490 2930 bt,

6 3009 7 3018 ,
127 2936 204 3003 rans'
213 2941 312 3021 igitur
322 2941 392 3004 iure
406 2941 506 3005 utitur
516 2956 611 3013 suo‚a
624 2944 719 3021 gente
731 2941 800 3020 ipsa
813 2941 974 3005 distincto.
985 2937 1076 3020 Quod
1086 2939 1179 3005 iatius
1192 2959 1246 3004 ur·
1265 2935 1290 2998 t·
1306 2934 1352 2988 ³9·

126 3033 182 3108 get
199 3045 234 3093 ac
250 3029 381 3110 premit:
400 3049 418 3088 a
435 3028 528 3093 Absit
544 3033 663 3107 autem,
681 3033 717 3095 ut
732 3030 792 3094 tibi
808 3030 1007 3111 persuadeas,
1027 3028 1244 3096 characterem

126 3117 233 3197 gentis
247 3118 531 3200 representativum
547 3117 700 3200 derogare
715 3118 864 3202 quiddam
880 3118 919 3182 de
931 3117 1087 3198 dignitate
1099 3119 1246 3184 Rectoris

126 3205 280 3282 civitatis,
298 3206 396 3273 veluti
411 3205 602 3271 monarchae
614 3207 775 3279 maiestati
787 3209 820 3271 in
836 3211 919 3272 statu
935 3205 1154 3271 monarchico!
1168 3205 1245 3272 Ete-
1355 3268 1358 3272 ,

128 3294 197 3357 ιιίιιι
213 3295 240 3358 is
255 3297 361 3378 potius
375 3296 508 3360 eandem
524 3295 626 3376 magis
641 3299 841 3380 conspicuam
857 3293 946 3370 iacit,
964 3299 1118 3377 quatenus
1132 3296 1197 3359 iam
1209 3315 1245 3360 u-

128 3401 188 3446 nus
203 3400 273 3448 earn
289 3385 479 3466 dignitatem
495 3383 605 3459 habet,
615 3403 703 3468 quae
718 3385 843 3467 ingenti
859 3384 1026 3450 hominum
1043 3384 1244 3474 multitudini

128 3473 257 3536 nonnisi
273 3475 448 3539 universim
461 3475 629 3555 compeb't:
639 3475 723 3540 unde
734 3475 830 3539 etiam
847 3481 906 3547 est,
917 3480 952 3538 ut
965 3475 1073 3538 eadem
1083 3474 1186 3537 maior
1201 3474 1244 3538 sit

126 3561 161 3624 in
175 3578 285 3643 regno,
295 3563 329 3626 in
339 3582 401 3648 quo
410 3581 489 3627 unus
498 3561 630 3628 eandem
639 3563 747 3642 babet,
761 3581 855 3647 quam
867 3563 901 3629 in
914 3562 1125 3638 aristocratia,
1141 3563 1174 3625 in
1184 3579 1245 3645 qua

207 3724 246 3798 (at
262 3727 318 3782 buo
339 3726 479 3785 constituit
491 3727 668 3786 Boebmerus:
690 3729 740 3783 1⁰«
757 3728 814 3784 Hoc
827 3742 860 3785 ex
876 3732 972 3784 natura
986 3741 1108 3782 summae
1122 3721 1246 3795 potesta·

129 3800 177 3868 tis,
200 3801 272 3872 quod
293 3817 346 3860 nou
361 3809 495 3874 augeatur
514 3819 563 3861 nee
577 3809 698 3859 mutetur
711 3805 858 3876 exsorma
870 3801 1050 3874 imperandi,
1071 3817 1133 3856 curn
1147 3817 1245 3858 rursus

130 3875 228 3932 eadem
243 3893 350 3932 summa
371 3884 491 3947 potestas
506 3881 541 3936 sit
554 3879 581 3934 iu
596 3885 670 3934 statu
684 3879 807 3949 populari
821 3886 848 3934 et
863 3879 1062 3950 aristocratiae,
1076 3891 1147 3948 quae
1161 3885 1204 3934 est
1217 3880 1244 3934 in

128 3953 314 4008 monarchico.
325 3956 354 4008 2⁰
362 3955 435 4009 Haec
445 3961 565 4024 potestas
574 3970 679 4010 summa
690 3953 756 4010 atius
768 3953 820 4009 dici
832 3953 901 4009 sotei
910 3953 1066 4021 Maiestas,
1075 3960 1103 4008 et
1114 3953 1171 4008 iura
1182 3953 1244 4009 iude

126 4027 310 4097 dependentia
324 4030 527 4096 Maiestatica,
536 4045 604 4103 quae
619 4019 685 4085 ninii
700 4030 771 4085 aliud
786 4035 848 4085 suut
859 4043 939 4101 quam
950 4027 1119 4100 complanas
1132 4031 1246 4085 iterium

125 4108 293 4173 uariorum,
313 4119 390 4176 qaae
407 4109 571 4178 imperanti
585 4120 806 4160 ranneruonurrs
821 4121 854 4159 rr
866 4119 982 4160 rnoraro
1003 4119 1066 4157 sune
1079 4108 1111 4158 ta
1127 4106 1247 4159 ciuitate

127 4185 295 4250 competant
309 4179 350 4236 ad
362 4181 550 4239 obtinendam
556 4183 651 4255 finem
662 4181 843 4251 retpnbtteae
854 4181 1023 4253 praefixam
1040 4200 1050 4229 ι
1070 4176 1198 4248 (lotrad.
1213 4181 1245 4233 ia

128 4257 178 4308 tus
187 4254 271 4326 pubi.
281 4271 340 4325 par.
351 4271 426 4327 spec.
435 4256 482 4314 lib.
493 4259 515 4329 l,
524 4274 550 4314 c.
564 4259 592 4329 t,
601 4274 629 4314 u.
642 4255 749 4327 32,35).
758 4257 830 4312 Haec
841 4255 1006 4326 duaponunt
1017 4258 1088 4310 tara
1101 4256 1246 4310 maiesta-

128 4332 204 4393 tica,
219 4330 246 4384 iu
259 4331 378 4402 qualibet
392 4332 505 4406 regendi
519 4333 616 4404 torma,
632 4347 753 4386 sommae
768 4333 910 4402 potestatis
921 4331 1041 4402 propria,
1052 4342 1149 4398 nempe
1161 4343 1194 4383 ex
1205 4327 1245 4382 oi·

129 4405 181 4460 ficii
200 4411 399 4480 naturamque
410 4406 750 4480 prorsusindepeudentia3
765 4413 974 4479 cousequenter,
991 4407 1127 4460 inventum
1145 4417 1245 4475 erpa·

128 4485 176 4536 cto
189 4480 296 4538 sociate
312 4483 435 4543 naturate
450 4485 595 4557 imperium
605 4487 740 4552 evertunt,
754 4480 818 4540 ticet
832 4498 864 4538 es
880 4487 959 4554 pacto
975 4478 1058 4536 rtrrttt
1071 4476 1111 4535 vet
1126 4475 1245 4552 potttr'co

127 4556 245 4614 formam
259 4558 386 4630 accipiat.
1006 4627 1046 4694 31
