3228 5280
465 269 532 340 298

419 427 721 521 parabamiilurier
727 435 836 503 bomo
846 433 1054 504 temptatore
1064 433 1215 520 mum
1226 432 1289 500 ribi
1300 435 1335 502 et
1345 433 1550 517 praesidium

420 521 644 696 eonstitueqat:
661 528 795 608 augente
809 541 919 592 rerum
930 525 1131 602 mesura,
1143 524 1317 610 Imperium
1331 521 1399 590 iuit
1412 543 1478 608 pro
1494 524 1552 591 lii-

419 619 541 680 etatura
566 631 620 690 o,
691 633 694 640 ’
728 665 746 682 .,
1244 633 1249 640 ¹

440 715 444 724 ·
510 617 601 768 vali.
618 701 652 770 Si
665 701 772 786 itaque
787 699 967 786 praeseutia
979 701 1140 770 veteribus
1153 702 1379 790 conferentem,
1396 718 1504 784 qurum
1517 719 1550 765 u-

421 791 518 874 bique
527 793 645 873 'gentes
658 791 868 857 seditionibus
883 793 1030 875 flagrem,
1043 791 1105 857 boo
1115 811 1213 864 unum
1225 794 1367 874 superest
1378 797 1418 853 ut
1431 791 1484 854 vel
1496 791 1549 854 fir·

421 897 474 945 ma
489 878 646 970 uuius‘ris
661 880 811 962 imperet,
823 883 870 946 vel
882 897 979 946 amne
993 880 1159 946 seditionis
1175 899 1272 962 genus
1286 876 1482 943 homiuibus
1493 879 1547 943 do

421 967 575 1035 minetur.
591 969 653 1036 Sed
668 969 932 1058 cumdiotaturae
942 969 990 1035 vis
1004 973 1073 1034 totu
1082 970 1128 1036 sit
1143 970 1178 1034 iu
1193 967 1372 1042 coactione,
1382 982 1479 1047 ¹quae
1490 986 1546 1033 nee

421 1057 568 1122 amabilis
583 1075 642 1123 nee
656 1058 805 1124 diuturna
820 1077 887 1125 esse
902 1063 1025 1140 potest,
1035 1057 1191 1141 optimam
1205 1056 1375 1139 regiminis
1389 1055 1543 1134 iormam,

421 1150 548 1211 tum-ex
561 1165 607 1222 se,
625 1152 694 1212 tum
706 1152 840 1236 propter
850 1147 1010 1224 adiuncta,
1022 1147 1243 1214 monarchiam
1253 1144 1423 1219 edicimrrs,
1442 1146 1545 1227 perie-

421 1241 507 1300 etam
522 1235 557 1299 iu
572 1254 629 1300 suo
644 1235 729 1313 iure,
744 1237 934 1321 expolitam,
951 1235 1125 1311 illustrem,
1143 1255 1207 1326 non
1221 1251 1310 1299 suam
1324 1233 1382 1298 sed
1396 1234 1544 1298 omnium

421 1324 673 1390 civiumoausam
685 1329 845 1408 agentem,
856 1329 951 1409 atque
962 1345 1022 1408 pro
1033 1326 1182 1391 omnium
1190 1324 1329 1390 utilitate
1342 1327 1380 1387 et
1387 1321 1543 1388 ielieitate

421 1413 644 1490 constitutam
661 1415 816 1480 moralem
831 1419 905 1480 aule
920 1415 1041 1490 omnia,
1058 1414 1287 1480 inexorabilem
1301 1410 1335 1475 iu
1350 1410 1542 1487 seditiones,

421 1519 503 1585 quae
516 1502 636 1569 violant
648 1502 1281 1585 iusetlibertatemsingulorum31iberem
1293 1498 1439 1592 denique
1451 1501 1544 1565 iusua

421 1591 617 1673 pabemeudi
631 1597 803 1675 potestate,
820 1591 875 1656 sed
890 1593 1053 1658 liberalem
1068 1609 1192 1674 quoque
1207 1591 1282 1658 dum
1296 1588 1368 1652 iura
1385 1589 1544 1654 naurralia

420 1685 454 1746 et
465 1679 572 1772 eivilia
587 1685 796 1786 prosequatur
806 1681 1010 1764 populorum.
1020 1683 1059 1746 lu
1070 1681 1249 1747 bauePlato
1257 1673 1494 1760 respiciebatza
1504 1677 1543 1744 U-

418 1768 493 1832 nius
509 1770 701 1847 dominatio,
718 1770 812 1836 bonis
826 1771 983 1835 instructa
998 1770 1132 1852 legibus,
1150 1769 1294 1834 omnium
1305 1765 1435 1852 optima
1451 1771 1544 1832 est.»

419 1857 528 1923 Bonae
543 1862 649 1924 autem
662 1860 758 1942 leges,
771 1859 963 1941 prudentum
974 1858 1082 1942 quiete
1097 1877 1134 1924 ao
1148 1857 1397 1939 sapientia,uou
1408 1855 1546 1937 populo-

418 1963 489 2009 rum
500 1946 708 2020 concionibus
718 1953 752 2014 et
762 1949 1003 2032 tempestatibus
1014 1943 1227 2015 maturantur.
1234 1948 1272 2011 lu
1281 1944 1543 2017 bauelsocrates,

418 2032 613 2122 dilabentem
629 2036 693 2102 iam
709 2037 879 2104 Graeciam
893 2037 1080 2106 admonens:
1099 2056 1117 2096 a
1133 2029 1339 2103 ramamuiae
1359 2031 1544 2114 prinoipem

417 2121 525 2186 locum
549 2125 814 2210 praestantissimi
828 2124 946 2207 quique
966 2125 1126 2191 deterunt.
1143 2123 1211 2191 Nee
1226 2120 1393 2199 immerito
1413 2138 1544 2186 monar-

359 2225 362 2228 ·
419 2207 525 2273 ahiam
538 2212 628 2277 tauto
643 2209 825 2276 iaeiliorem
835 2230 903 2278 esse
913 2215 1168 2290 iudicaverimus,
1179 2217 1298 2294 quanto
1309 2207 1442 2274 iaoilius
1453 2214 1504 2275 est
1515 2225 1544 2274 a·

421 2295 648 2402 nimumsuum
660 2299 823 2367 uuiusviri
834 2299 985 2378 instituto
997 2302 1248 2372 aoeominoda’re,
1259 2298 1488 2402 quammultis
1497 2315 1545 2363 ra-

420 2387 1545 2564 statibilitatembdtlttusllllttfflt

193 2569 217 2641 r)
231 2565 398 2646 otorano
419 2562 489 2648 ipsa
505 2563 571 2630 ruit
583 2566 622 2630 ad
637 2565 821 2632 interitum:
836 2585 854 2626 u
868 2568 1042 2650 imperium
1052 2567 1136 2649 quod
1151 2567 1209 2642 sub
1224 2583 1288 2638 uno
1302 2571 1389 2632 stare
1406 2580 1476 2632 nou
1488 2582 1542 2646 po·

170 2644 334 2719 aestates.
350 2645 395 2706 M·
419 2657 496 2729 test,
513 2654 591 2719 dum
605 2671 623 2719 a
638 2654 782 2738 pluribus
795 2655 980 2733 sustinetur,
997 2655 1076 2732 ruit,
1093 2660 1127 2722 et
1142 2655 1322 2720 imoeiobile
1337 2643 1384 2720 etl
1399 2649 1444 2734 1).
1462 2674 1483 2715 ι

485 2769 537 2848 'iol
554 2771 627 2840 Quae
641 2767 677 2828 ad
690 2765 889 2831 &audentiam
903 2769 1036 2829 inclinent
1050 2771 1192 2844 regimina,
1208 2771 1315 2828 nonnisi
1329 2775 1425 2832 maiori
1438 2777 1539 2836 virtute

418 2849 519 2934 iuleiri,
528 2854 611 2920 atque
623 2845 675 2933 beo
682 2847 843 2922 recedente,
852 2846 898 2905 illa
908 2862 1018 2922 quoque
1028 2846 1118 2914 dilabi,
1126 2846 1274 2905 disseritur
1284 2848 1311 2904 in
1321 2847 1478 2925 dialogoeb
1485 2856 1540 2912 daa-

419 2921 815 3071 gusoojaerqapquehmim
827 3005 857 3058 et
868 2999 973 3073 populi,
987 3000 1084 3060 eiusne
1094 2997 1202 3074 poneris
1215 3012 1309 3057 rerum
1328 2943 1404 3074 sart,
1418 3011 1453 3062 ut
1465 3005 1536 3063 iate·

419 3076 624 3148 riremutariee
637 3088 692 3130 uon
705 3074 873 3146 possinti-
883 3075 973 3134 Ευοά.
988 3076 1115 3136 Notabile
1125 3075 1206 3146 plane
1219 3075 1302 3148 eique
1315 3081 1434 3151 tempori
1447 3080 1535 3138 obuo-

419 3146 495 3208 nium
508 3151 562 3213 boe
574 3161 663 3222 genus
676 3163 738 3214 esse
751 3151 814 3224 quis
827 3149 997 3208 dubitati-
1007 3161 1085 3285 Autq.
1100 3151 1173 3222 Ergo
1186 3151 1209 3206 si
1222 3150 1340 3222 populus
1350 3155 1387 3211 sit
1400 3155 1533 3214 benemo-

419 3229 499 3283 r'etur
511 3232 540 3283 et
552 3225 655 3318 pratris²
670 3226 877 3300 communisque
891 3227 1015 3285 utilitatis
1028 3227 1054 3286 d'
1068 3225 1254 3304 igentissimus
1268 3234 1371 3302 eustos,
1386 3230 1416 3288 iu
1429 3247 1486 3304 quo
1498 3248 1531 3288 u·

418 3301 1533 3462 saramallalassataslasatasmasuras

418 3467 468 3510 sua
480 3467 537 3538 roa,
552 3449 624 3508 adest
635 3451 744 3537 publiea
756 3451 1061 3541 administraretur?-
1069 3452 1255 3541 Euodi’eeto
1270 3467 1394 3522 prorsus.
1404 3483 1446 3502 -
1454 3465 1533 3532 Δις.

416 3525 847 3599 Parrasipaulatamdepraretus
859 3529 930 3594 adem
938 3529 1055 3601 populus
1065 3543 1123 3586 rem
1132 3529 1312 3601 puratumrei
1321 3529 1534 3604 publioaepree·

415 3604 501 3688 ierat,
514 3607 595 3676 etque
607 3600 718 3688 babeat
730 3604 833 3664 eenole
845 3607 1040 3682 euffropium,
1051 3611 1263 3678 corruptusque
1275 3604 1314 3660 ab
1324 3609 1366 3663 eis
1378 3608 1534 3679 quibuso-

415 3693 465 3735 rer
479 3683 598 3760 omont,
612 3691 738 3754 regimen
758 3681 784 3738 ia
799 3696 829 3739 se
841 3680 980 3754 flagitiosis
993 3680 1244 3752 consceleratisque
1265 3681 1430 3758 committet,
1446 3697 1534 3740 noune

383 3816 386 3824 Ι
416 3753 484 3810 item
497 3760 584 3826 recle,
600 3753 623 3809 si
636 3755 779 3830 quistuuo
792 3757 913 3814 extiterit
926 3756 1077 3832 virbonus,
1092 3749 1140 3829 qul
1152 3755 1300 3828 plurimum
1314 3757 1413 3831 possit,
1433 3757 1533 3816 adimat

417 3829 481 3885 buia
489 3827 592 3903 populo
603 3835 767 3898 potestatem
780 3831 862 3890 dandi
872 3833 1003 3902 bonores,
1011 3839 1038 3888 et
1046 3832 1072 3889 in
1083 3830 1441 3904 paueorumbanorum‚vel
1452 3836 1531 3892 etiam

416 3903 497 3960 unius
507 3903 611 3976 rediget
623 3903 916 3965 arbitriumi-Eood.
925 3909 961 3966 lit
970 3907 998 3966 id
1010 3914 1214 3981 reete-uoq.
1222 3907 1291 3964 Cum
1303 3909 1452 3980 erga‘istae
1463 3908 1531 3967 duae

416 3979 496 4051 leges
508 3979 547 4036 ita
559 3977 608 4036 sibi
621 3978 761 4040 rideantur
773 3998 834 4040 erre
848 3985 1012 4050 contrariae,
1020 3991 1051 4041 ut
1060 3998 1115 4040 uua
1125 3998 1227 4040 aarum
1234 3981 1366 4040 bonoram
1375 3982 1530 4044 dendmum

415 4052 519 4191 pqlpqiio¹
532 4053 637 4188 tribqat
650 4063 825 4190 potbqsmtem,
835 4059 943 4191 autertat
953 4059 1087 4191 ebereqet
1099 4073 1161 4115 oum
1172 4058 1223 4144 ista
1233 4059 1403 4192 qeouadqiita
1419 4058 1477 4117 leta
1485 4063 1529 4194 :lit

415 4146 606 4354 {gilm‘eiqffi
614 4143 1531 4359 3233&ss⁸,{;f0¹1‡{⁰„‡{ffi,'},,fflffissssffssnfflffifssmss

470 4305 481 4335 ll
584 4323 590 4338 ι
639 4300 655 4342 θ
725 4326 732 4340 ·
776 4302 822 4342 Γ.
884 4327 891 4343 ι

492 4296 1528 4436 Haeegeeduloperpebdaatquireputeddemocratiamimpellerertudeat,

415 4433 480 4567 ᾱιιΙω
495 4435 546 4570 ipsi
560 4433 752 4510 cupiditatibus
766 4436 892 4514 flagrant,
900 4437 926 4498 iu
937 4436 1048 4513 populis·
1055 4443 1148 4502 autem
1157 4451 1249 4502 morer
1259 4452 1322 4499 eum
1332 4435 1468 4512 religiose
1477 4435 1530 4494 dis·

415 4525 534 4568 sorau.
607 4529 613 4542 ·
722 4537 725 4542 ·
995 4543 1000 4554 .
1263 4541 1268 4548 .
