3224 5282
882 261 1014 356 mmm

710 471 1192 612 alluebatur.

766 741 809 790 titt
826 741 931 790 ΗΒΑ
949 742 1138 792 mastalone.

467 939 490 995 l.
504 937 680 1007 Quaestionis,
695 951 778 1010 quem
798 939 971 1018 suscipimus,
994 955 1104 996 censae.
1121 939 1156 1010 ll.
1173 939 1298 998 Civilibus
1317 941 1436 1016 populis,
1460 945 1513 1002 iem

391 1029 461 1070 unus
480 1021 606 1084 superest
624 1013 853 1070 christianismus.
866 1015 918 1070 ill.
942 1015 1169 1086 Protestantismi,
1184 1016 1210 1072 in
1229 1033 1282 1090 quo
1301 1033 1396 1074 omnes
1415 1023 1513 1078 Secum

391 1089 566 1162 colliguntur,
582 1088 679 1160 triplex
692 1089 825 1145 deiectus.
840 1090 883 1146 lv.
903 1094 928 1146 l.
943 1093 997 1147 Est
1006 1088 1175 1164 molrtples:
1185 1106 1252 1166 ergo
1264 1109 1323 1148 nors
1335 1099 1377 1149 est
1390 1101 1512 1153 emtas.

392 1166 423 1222 v.
438 1166 516 1233 Nem,
529 1164 615 1220 credit
629 1165 742 1236 quisque
757 1165 827 1237 qnod
842 1165 890 1222 sibi
905 1165 978 1223 libet.
991 1168 1036 1223 vl.
1052 1167 1132 1223 Certa
1145 1168 1294 1240 scripturis
1308 1169 1384 1242 tides,
1400 1172 1461 1227 sine
1476 1175 1515 1228 vi·

392 1257 424 1296 ro
438 1241 603 1312 magisterio,
619 1249 661 1298 est
675 1240 856 1309 impossibilis.
871 1242 929 1297 vll.
945 1241 1161 1299 Protestanlismi
1180 1242 1331 1300 discordiae
1348 1259 1380 1300 ec
1394 1244 1514 1304 dissolu·

393 1315 439 1386 tio,
455 1330 541 1387 usque
554 1315 588 1378 ab
602 1317 685 1372 initio.
701 1315 772 1371 vill.
787 1317 860 1388 Ergo
875 1316 948 1373 nulle
962 1317 1029 1374 fides
1042 1319 1203 1374 communis.
1217 1319 1264 1376 lll.
1279 1319 1416 1376 Lutlterns
1432 1324 1514 1379 ratio·

392 1407 453 1446 uem
468 1400 621 1462 execratur,
637 1399 667 1447 ut
687 1389 784 1446 diaboli
803 1407 872 1462 opus
893 1399 921 1448 et
937 1407 1076 1462 sponsam.
1092 1393 1125 1449 ll.
1149 1393 1220 1466 lpse,
1240 1393 1349 1466 aliique,
1372 1399 1467 1453 omnia
1487 1401 1513 1454 in

391 1467 475 1524 Deum
496 1466 598 1523 scelera
617 1467 772 1523 coniiciuot.
789 1465 837 1522 lll.
852 1467 1042 1540 blagistrorum
1062 1468 1210 1541 damnatio,
1226 1469 1343 1526 recessio
1363 1470 1515 1543 discipulo·

390 1558 463 1599 rom.
480 1541 539 1598 llll.
556 1547 584 1600 t.
600 1547 803 1599 Hermonassa
822 1545 1097 1601 Protestantismus:
1111 1559 1177 1617 ergo
1196 1562 1255 1602 non
1272 1549 1381 1602 certem
1395 1547 1512 1606 dicturo.

392 1618 465 1676 lllll.
480 1620 625 1674 ductorum
639 1619 765 1675 honestes
778 1624 806 1673 et
819 1620 940 1674 castitas.
956 1619 1024 1676 ltlv.
1047 1619 1199 1676 Plenissime
1218 1636 1315 1678 eorum
1331 1622 1472 1680 urbanitas
1487 1633 1515 1682 et

388 1695 517 1762 ebaritas.
533 1694 588 1752 llll.
604 1693 755 1750 tolerantis
768 1695 986 1766 exquisitissima.
1003 1694 1072 1751 XVl.
1085 1696 1187 1752 Furens
1200 1702 1229 1752 at
1242 1696 1375 1752 obscoena
1390 1699 1514 1756 insurre-

390 1772 455 1826 ctio.
472 1769 553 1825 llVll.
569 1771 635 1825 Eius
647 1784 743 1826 censae
757 1777 784 1824 et
799 1776 964 1840 praetextus.
980 1771 1077 1829 lllllll.
1091 1772 1150 1827 Non
1168 1772 1316 1844 ingenium,
1339 1772 1388 1828 sed
1407 1776 1514 1832 scintil-

392 1844 417 1900 le
431 1846 719 1917 expectabatur,quam
732 1844 816 1906 edidit
827 1846 973 1902 Lutberus.
986 1845 1057 1914 lilii.
1068 1847 1197 1918 Legitima
1208 1847 1396 1904 reformatione
1408 1865 1514 1906 conra-

392 1921 512 1976 lescebat
526 1921 658 1990 Ecclesia,
675 1920 820 1993 illegitima,
836 1922 1076 1977 Proiestantismns
1091 1924 1117 1976 in
1129 1923 1282 1978 enercbiem
1302 1923 1510 1983 detrudebatur.

392 1995 451 2052 llll.
466 1997 683 2061 Protestantinm,
699 2000 743 2068 qrri
757 1998 875 2066 sapiunt,
891 1998 988 2053 borrbr
1000 2005 1028 2052 et
1045 1998 1194 2066 conversio.
1208 1997 1280 2052 lllll.
1296 1999 1512 2057 Protestentismi

391 2072 516 2127 essentia:
533 2073 629 2128 meotis
642 2077 669 2126 et
682 2072 770 2129 cordis
784 2071 993 2129 rebelliollllll.
1008 2075 1034 2127 3.
1050 2071 1095 2129 Ad
1108 2071 1224 2129 notium
1241 2071 1394 2146 religionis
1407 2075 1452 2130 cel
1463 2093 1511 2134 so·

369 2217 372 2222 ¹
391 2149 650 2222 cietattssormam
663 2152 703 2203 cst
717 2152 899 2204 constituitote.
916 2148 1013 2205 lllllll.
1027 2147 1109 2204 Nolle
1121 2149 1190 2205 enim
1212 2147 1306 2219 religio
1327 2148 1368 2204 rel
1383 2152 1512 2224 societas,

392 2223 450 2278 sine
464 2223 522 2277 viva
536 2223 707 2292 auctoritate.
723 2223 817 2283 xxiv.
833 2225 906 2280 llaec
920 2224 990 2295 viget
1006 2224 1030 2278 in
1044 2221 1177 2278 Ecclesia.
1193 2224 1273 2280 XXV.
1286 2224 1351 2280 liius
1364 2224 1510 2283 clemente.

392 2297 486 2355 xxvi.
497 2298 630 2369 Ecclesia,
645 2297 762 2354 tribunal
776 2298 894 2354 divinum
909 2304 937 2354 el
950 2306 1012 2354 actu
1026 2314 1135 2370 semper
1144 2299 1272 2355 existens.
1285 2298 1392 2355 xxvii.
1406 2303 1513 2357 Absur-

392 2373 428 2429 de
443 2375 609 2430 auctoritatis
623 2376 782 2430 restauratio
796 2373 868 2444 apud
884 2375 1076 2431 protestantes.
1091 2374 1209 2430 lllllllll.
1222 2374 1289 2442 lmo,
1303 2390 1364 2430 cum
1378 2377 1512 2433 ecclesie-

394 2452 473 2520 stico,
489 2449 568 2505 civile
588 2449 729 2519 imperinm
750 2449 962 2506 convellebatur.
986 2449 1082 2506 xxix.
1104 2450 1175 2519 Ergo
1197 2452 1436 2508 Protestantismus
1459 2469 1512 2509 nec

393 2525 559 2595 philosophia
573 2531 626 2596 est,
642 2540 693 2580 nec
707 2524 811 2602 religio,
826 2541 876 2584 nec
890 2526 1014 2584 societas.
1031 2525 1114 2582 llllll.
1129 2523 1195 2581 Eius
1208 2525 1234 2582 in
1249 2524 1351 2582 ltaliam
1365 2529 1511 2586 conamine

392 2601 517 2674 religiosa
529 2607 557 2658 et
571 2601 687 2672 politica.

479 2810 508 2874 1.
523 2807 566 2874 Ut
575 2805 1116 2891 quaestionemhenoingrediamur,
1127 2807 1267 2888 postulat
1279 2805 1401 2889 resipsa
1413 2826 1509 2889 quam

391 2898 526 2978 agimus,
545 2917 642 2979 quum
657 2897 704 2960 ius
720 2897 861 2961 diuinum
876 2895 1015 2961 humano
1030 2897 1139 2976 generi
1153 2896 1317 2971 indictum,
1336 2897 1406 2961 sita
1423 2896 1510 2962 lelsis

390 2987 626 3060 secernendum:
651 2991 718 3050 tum
734 2985 972 3069 publicistarum
987 2986 1084 3049 libido
1099 2990 1135 3049 ut
1151 2985 1214 3048 iam
1232 2985 1310 3049 nihil
1327 2984 1392 3048 iere
1409 2988 1509 3051 attin-

390 3082 478 3157 gant,
488 3077 564 3159 quin
576 3075 756 3157 religiosam
771 3075 1032 3154 disceptationem
1050 3075 1083 3136 in
1098 3073 1235 3138 medium
1248 3074 1415 3148 adducent,
1427 3077 1509 3158 ipsa-

390 3183 451 3246 que
462 3167 590 3230 comitia
604 3164 789 3238 nationalia,
804 3163 856 3227 ubi
870 3164 987 3243 vigent,
1007 3164 1161 3226 malesana
1175 3163 1347 3245 prurigine,
1361 3163 1393 3224 in
1406 3165 1508 3230 eccle-

389 3255 515 3320 siastice
530 3254 665 3319 concilia
680 3271 828 3318 conversa
842 3251 1017 3324 videantur3
1027 3253 1164 3322 demum,
1177 3269 1323 3332 praesens
1334 3249 1414 3315 iacit
1426 3257 1507 3318 tem·

389 3361 501 3424 porum
516 3343 671 3416 conditio,
689 3359 750 3424 qua
765 3341 878 3421 religio
895 3341 962 3420 ipsa
978 3359 995 3402 a
1012 3341 1225 3413 novatoribus,
1245 3340 1323 3403 iuris
1338 3340 1458 3421 publici
1474 3350 1506 3408 et

390 3433 514 3512 politici
535 3433 780 3496 instrumentum
795 3429 940 3494 efficitur.
959 3429 1046 3509 Quae
1069 3447 1138 3494 oum
1156 3430 1201 3493 ita
1217 3429 1292 3503 sint,
1311 3446 1378 3491 rem
1395 3445 1507 3512 aggre-

390 3520 526 3592 diamur,
538 3521 720 3602 prolitentes
732 3518 882 3599 primum,
894 3535 949 3582 nos
961 3519 998 3581 de
1010 3518 1075 3582 sole
1084 3518 1239 3594 doctrina,
1252 3518 1373 3582 nullum
1384 3517 1425 3582 de
1436 3538 1507 3602 per-

389 3609 474 3672 sonis
490 3610 593 3673 errori
609 3607 754 3681 addictis,
771 3624 947 3670 sermonem
962 3607 1136 3683 habituros.

478 3697 522 3762 ll.
541 3697 575 3763 Si
591 3697 705 3778 religio
717 3714 788 3760 vcra
798 3713 861 3758 una
874 3701 933 3770 cst,
948 3697 996 3760 uti
1008 3713 1069 3759 urre
1081 3696 1195 3760 veritas
1206 3701 1301 3778 atque
1311 3711 1391 3759 uuus
1403 3695 1502 3770 Deum

388 3785 446 3849 lrao
461 3787 526 3850 sola
541 3787 826 3868 argumentatione,
844 3790 969 3849 ceterae
981 3784 1220 3850 labetactantor.
1235 3787 1368 3857 Revera,
1386 3783 1505 3849 deicis-

388 3893 422 3938 se
436 3874 640 3949 Iudaismum,
655 3874 792 3957 ipsicius
804 3873 878 3936 libri
890 3879 1057 3938 testantur.
1071 3873 1280 3938 lslamismum
1295 3872 1379 3938 ratio
1392 3879 1426 3938 et
1438 3875 1504 3938 cul·

389 3964 414 4026 ti
427 3964 490 4028 iam
503 3983 607 4028 mores
617 3965 772 4046 repellunt
783 3962 835 4048 (a).
846 3961 997 4028 Graeciae
1009 3965 1042 4026 ct
1052 3964 1172 4027 Romae
1183 3962 1334 4036 Numina,
1349 3961 1402 4026 vix
1413 3964 1504 4028 sobo-

389 4051 507 4119 lasticis
521 4072 690 4136 puerorum
705 4052 864 4126 exercitiis
880 4052 944 4116 iam
959 4051 1129 4125 sufficiunt,
1147 4051 1263 4134 illaque
1283 4049 1418 4134 despicit
1434 4071 1505 4134 gre-

464 4251 503 4324 lol
518 4253 661 4309 Nervosem
676 4243 872 4305 llebnmetismi
890 4247 1101 4303 confutationem
1120 4244 1200 4303 babet
1212 4246 1319 4303 Grotius
1335 4247 1360 4303 in
1374 4245 1458 4305 Libro
1472 4249 1504 4305 Vl

391 4329 432 4384 De
444 4333 567 4384 veritate
584 4325 773 4382 Cleristtonne
784 4322 943 4397 religionis.
959 4324 996 4378 De
1010 4323 1161 4378 llebnmete
1176 4324 1227 4378 iam
1242 4321 1349 4377 dixerat
1363 4321 1388 4377 in
1403 4323 1453 4379 lib.
1469 4325 1503 4379 ll:

391 4424 402 4450 a
425 4404 564 4459 Proiectus
583 4401 616 4456 ad
638 4398 784 4469 libidinem,
807 4399 930 4469 promisit
950 4399 1098 4469 praemium
1118 4399 1144 4452 in
1163 4396 1252 4468 epulis
1269 4405 1297 4453 et
1310 4399 1416 4454 Venere
1431 4401 1506 4472 posi-

388 4485 456 4534 tum.
477 4501 488 4529 o
505 4479 532 4535 Si
545 4475 641 4535 Veneri
659 4481 740 4545 atque
760 4474 857 4544 epulis,
873 4488 942 4544 quae
962 4474 1001 4529 iili
1019 4473 1193 4544 ancillantur,
1208 4473 1389 4544 ignorantiam
1403 4474 1504 4548 addas,

387 4559 468 4626 atque
482 4555 596 4612 iurantia
606 4566 682 4608 erma
696 4556 723 4606 et
733 4547 844 4624 caedes,
855 4549 1010 4623 religionem
1025 4547 1258 4622 babebis,eiusque
1270 4549 1507 4620 propagationem.
