3222 5282
467 309 601 364 rrrums
616 312 881 364 manaimuams.
1168 298 1189 363 5
1218 273 1222 280 ’

208 459 265 524 Est
281 459 382 541 igitur
396 429 492 524 tionm
507 460 686 539 rationalia,
701 461 889 542 poposcerat
901 457 1038 524 emiolia.
1055 459 1124 539 Qua
1135 461 1234 527 ratio-

114 547 210 623 nalis,
224 547 499 614 aeternishonesti
511 554 543 614 et
555 547 718 615 inhonesti
729 549 911 620 notionibus
922 547 1088 623 imbuitur:
1099 567 1234 630 quama-

113 636 264 701 terialem
280 641 426 702 naturam
441 637 557 710 induit,
579 639 767 703 necessarias
787 633 956 702 relationes
971 655 1042 702 cum
1057 640 1150 703 rebus
1163 657 1234 703 sen-

113 725 261 790 sibilibus
276 725 413 800 obtinet,
430 727 514 790 unde
529 725 607 790 iuris
619 744 718 809 capax
728 727 765 792 tit
776 726 810 792 in
821 743 871 791 res
883 726 1074 802 materiales,
1092 728 1236 809 quodius

112 813 196 878 olim
207 813 394 890 dorstatum,
404 833 486 880 nunc
497 815 637 880 strictius
644 817 868 896 proprietatem
876 815 1079 898 appellamus;
1090 817 1232 892 tandem,

112 920 177 984 qua
192 902 328 976 socialis,
346 903 521 969 domestico
537 910 571 970 et
583 905 716 984 politico
732 903 889 986 regimine
904 903 1098 970 continetur.

206 990 283 1056 xil.
306 992 367 1056 Pro
380 989 502 1079 ¹triplici
523 991 582 1058 hac
601 993 741 1058 hominis
759 992 913 1059 relatione
932 992 1078 1058 udentia
1097 993 1236 1058 marotia

108 1079 242 1160 physico
256 1083 289 1145 et
303 1079 444 1158 sociatio,
459 1079 577 1164 triplex
590 1082 652 1147 erit
667 1081 867 1148 tractationis
882 1099 965 1163 pars,
979 1081 1146 1164 attriplex
1156 1083 1236 1146 iuris

112 1170 257 1236 Naturae
271 1172 305 1232 et
321 1167 473 1235 Gentium
488 1168 737 1236 tundamentum.

206 1256 347 1321 Primam
362 1257 422 1321 sibi
437 1259 578 1324 vindieat
588 1257 639 1324 lex
651 1259 814 1336 naturalis,
832 1258 954 1325 entium
970 1258 1138 1324 moralirun
1150 1260 1237 1325 ordi-

112 1363 190 1410 nem
201 1346 237 1408 in
249 1363 282 1410 se
293 1361 355 1409 una
366 1347 588 1430 complectens,
606 1365 687 1430 quae
698 1366 738 1414 ex
748 1354 875 1414 aeterna
888 1353 995 1414 mente
1006 1349 1173 1424 irradians,
1186 1366 1238 1413 ra-

110 1433 251 1499 tionales
265 1431 386 1499 animas
401 1435 539 1518 undique
554 1436 701 1511 illustrat,
719 1454 772 1502 eas
783 1439 824 1503 ad
834 1455 962 1502 omnem
978 1437 1170 1519 aequitatem
1182 1436 1237 1502 lle·

110 1527 204 1588 ctens
219 1528 314 1604 atque
328 1523 511 1598 instituens:
528 1523 643 1591 deinde
657 1526 784 1607 religio,
810 1525 953 1592 eamdem
967 1527 1070 1608 legem
1085 1525 1236 1607 ampliori
1347 1580 1349 1586 .

112 1610 239 1676 lumine
254 1611 289 1674 in
304 1610 487 1677 hominibus
502 1613 631 1678 lirmans
647 1619 680 1680 et
695 1613 892 1680 oollmtrans.

205 1701 359 1775 Secunda
385 1702 424 1765 ad
440 1703 638 1786 materialem
656 1702 796 1768 hominis
818 1708 963 1768 naturam
986 1719 1020 1767 se
1034 1705 1234 1777 convertens,

110 1789 322 1872 proprietatis
337 1793 370 1855 et
385 1789 600 1856 dominiorum
617 1790 823 1857 fundamenta
837 1795 870 1857 et
886 1791 955 1856 iura
970 1792 1122 1858 excutiet.

206 1878 324 1963 Tertia,
343 1878 507 1946 hominem
521 1880 560 1944 ad
575 1879 730 1946 moralem
743 1885 778 1946 at
792 1880 918 1946 civilem
938 1879 1022 1945 vitae
1036 1879 1237 1946 cousuetudi-

112 1985 190 2031 nem
206 1966 272 2030 iam
286 1968 444 2042 edoctum,
463 1968 502 2033 ad
517 1969 681 2051 politicam
696 1969 882 2036 societatem
893 1968 1051 2046 instituet,
1065 1969 1183 2035 civium
1194 1967 1238 2034 si-

112 2055 183 2119 mul
201 2060 235 2121 et
249 2056 476 2139 imperantium
491 2057 593 2124 officia
609 2057 795 2123 edisserens.

205 2144 299 2210 XIII.
313 2146 479 2227 Proposita
492 2145 678 2227 partitione,
687 2147 755 2212 nisi
765 2146 903 2212 maxime
916 2144 1068 2226 tollimur,
1078 2144 1237 2211 sinceram

110 2231 195 2297 iuris
211 2238 342 2298 naturae
361 2238 394 2299 et
408 2235 553 2315 gentium
568 2235 730 2302 notionem
745 2236 933 2318 expressisse
948 2235 1102 2301 videmur.
1122 2236 1236 2300 Totam

110 2338 231 2403 nempe
247 2326 392 2387 naturam
407 2323 564 2406 complexi
578 2341 696 2401 sumus,
710 2324 812 2407 iisque
823 2328 949 2390 tantum
963 2323 1094 2389 summis
1107 2323 1239 2388 relatio-

113 2410 210 2475 nibus
225 2409 290 2476 sive
302 2411 425 2487 officiis,
438 2413 548 2493 quibus
559 2412 691 2479 scientia
703 2418 812 2478 nostra
823 2413 908 2478 inter
919 2417 1040 2478 ceteras
1054 2429 1179 2476 morum
1189 2412 1239 2476 di-

111 2499 266 2582 sciplinas
280 2499 457 2565 extollitur.
475 2502 569 2577 Nam,
586 2501 655 2582 ipsa
671 2501 817 2568 vocabula
832 2503 883 2566 tus
898 2509 1033 2567 onturoa
1048 2508 1076 2566 et
1085 2501 1235 2584 pontium,

112 2587 267 2673 quiddam
281 2594 396 2655 sonant
414 2591 522 2670 magni
536 2596 570 2657 et
584 2588 710 2668 excelsi,
736 2607 754 2654 a
768 2609 829 2671 quo
843 2607 1011 2655 monemur
1033 2607 1097 2654 non
1112 2589 1239 2654 univer·

112 2695 185 2742 sam
196 2677 364 2758 quamdam
375 2683 408 2744 et
419 2677 638 2744 indistinctam
644 2679 821 2745 officiorum
828 2679 877 2744 vel
886 2679 1003 2744 iurium
1015 2679 1241 2745 tractationem

113 2765 210 2830 nobis
222 2763 290 2830 iore
300 2767 542 2842 contexendam,
553 2768 607 2832 sed
617 2783 654 2832 ea
666 2784 837 2850 permagna
847 2769 951 2850 capita
963 2785 1030 2833 esse
1042 2763 1239 2849 arripienda,

112 2853 350 2929 constituenda,
365 2855 522 2938 firmoque
537 2874 645 2921 rerum
660 2875 743 2922 nexu
757 2855 985 2940 componenda,
1000 2855 1142 2939 equibus
1157 2860 1241 2921 cete-

113 2963 150 3009 ra
167 2961 209 3009 ex
222 2944 356 3025 perenni
371 2943 470 3012 veluti
481 2944 570 3013 ionte
580 2945 832 3030 proficiscantur.
847 2946 1022 3027 Permagna
1034 2963 1071 3009 ea
1083 2945 1161 3019 dixi,
1175 2944 1240 3008 imo

115 3037 150 3098 et
166 3030 319 3098 maxima:
345 3033 421 3098 talia
437 3034 524 3100 enirn
539 3040 612 3101 sunt
627 3034 689 3099 tria
704 3051 811 3099 rerum
827 3051 954 3116 genera,
981 3051 1061 3118 quae
1076 3050 1178 3114 nuper
1193 3037 1242 3097 at-

117 3120 264 3186 tulimus.
281 3121 365 3187 Hino
379 3122 457 3187 iuris
473 3129 604 3190 naturae
618 3128 651 3189 et
663 3123 807 3206 gentium
823 3126 1006 3204 sequentem
1020 3121 1241 3206 definitionem

115 3209 319 3275 subiicimus:
328 3209 465 3276 &tentio
479 3230 676 3278 nummorum
690 3211 891 3290 relationum,
901 3210 966 3274 aton
977 3208 1160 3292 officiorum,
1172 3209 1242 3288 qut-

117 3300 180 3366 bus
195 3308 331 3366 noturoe
345 3303 503 3366 numanae
517 3319 640 3376 cursus,
659 3301 784 3384 eiusque
799 3300 929 3364 sonatan
943 3315 1016 3362 nam
1027 3297 1094 3362 Deo
1105 3305 1134 3363 et
1143 3297 1243 3362 tomi

118 3389 216 3454 nidus
230 3390 399 3455 ordinatur
413 3407 451 3454 oo
460 3391 636 3473 perficitur.
772 3465 774 3469 ⁸

212 3478 302 3543 XIV.
320 3478 387 3543 liae
401 3481 529 3543 utemur
543 3477 741 3553 delinitione,
757 3477 857 3542 douae
872 3475 988 3541 melior
1002 3475 1163 3541 afferatur.
1180 3476 1243 3544 Tu·

120 3564 218 3630 limus
233 3569 339 3632 autem
354 3584 373 3630 a
388 3563 551 3642 Cicerone,
569 3568 621 3631 oui
635 3567 686 3632 ius
701 3570 831 3631 naturae
842 3565 911 3631 erat
922 3582 1046 3632 mommo
1056 3564 1151 3642 cotto,
1165 3563 1244 3627 insi-

118 3655 198 3719 toin
205 3655 429 3736 audranno
436 3654 581 3730 scientia,
590 3671 670 3738 quae
679 3655 748 3718 illas
755 3657 912 3720 scrutatur
920 3657 1014 3736 atque
1025 3652 1151 3718 ordinat
1159 3669 1244 3716 sum-

118 3760 192 3807 mas
205 3746 337 3808 naturae
351 3742 532 3818 relationes,
551 3761 630 3826 quae
644 3741 798 3809 aratione
812 3758 933 3806 summa
945 3746 978 3806 et
988 3741 1129 3824 principe
1140 3739 1245 3804 difflu-

118 3835 192 3905 unt,
202 3831 266 3897 erit
274 3831 406 3896 scientia
414 3831 492 3896 iuris
502 3837 645 3908 naturae,
653 3832 857 3914 omniumque
866 3833 1095 3912 gentiumcum
1102 3828 1244 3893 eamdam

120 3919 265 3986 reserant
281 3924 439 3986 naturam.
457 3921 603 3989 Subiecta
619 3920 704 3986 inter
717 3935 797 4003 quae
811 3919 978 3986 relationes
993 3919 1068 3984 illae
1079 3933 1245 3984 exercean-

121 4012 189 4086 tur,
209 4011 299 4073 entia
313 4012 387 4073 sunt
402 4010 551 4088 morolio,
564 4010 694 4090 papum
711 4012 744 4073 et
759 4006 899 4072 sommia.
916 4006 1068 4073 Omnium
1083 4005 1156 4071 linis
1170 4004 1246 4071 ulti-

121 4114 193 4161 mus
205 4099 255 4161 est
265 4095 361 4172 Deus,
372 4097 443 4161 tons
455 4097 609 4172 veritatis,
624 4096 792 4186 aequitatis
803 4101 898 4179 atque
909 4093 1171 4160 immortalitatis.
1185 4092 1246 4157 Dei

121 4185 305 4261 existentia,
332 4190 365 4252 et
379 4184 556 4259 animarum
570 4184 804 4261 immortalitas,
831 4185 892 4249 duo
907 4188 980 4249 sunt
994 4183 1162 4267 postulata,
1178 4181 1247 4246 sine

121 4273 237 4356 quibus
255 4274 342 4340 nulla
360 4274 399 4338 de
414 4273 536 4339 iuribus
550 4274 600 4339 vel
622 4274 661 4338 de
678 4273 796 4357 legibus
810 4272 933 4354 perlici,
957 4273 1011 4337 sed
1026 4288 1127 4354 neque
1149 4269 1247 4352 incipi

121 4366 220 4445 queat
236 4363 438 4444 disceptatio.
452 4361 544 4430 Unde
554 4361 734 4428 universam
749 4362 923 4426 officiorum
938 4360 1104 4426 scientiam
1119 4359 1250 4424 obtrun-

122 4451 216 4516 cabat
231 4451 267 4515 in
281 4452 388 4516 radice
398 4450 618 4517 Pulendortius
634 4451 784 4516 scribens:
801 4469 818 4511 a
835 4451 873 4515 ln
887 4447 1052 4529 disciplina
1064 4447 1144 4511 iuris
1160 4451 1249 4512 natu-

122 4539 241 4626 ralis...
264 4539 492 4608 immortalitas
507 4540 631 4609 animae
648 4557 712 4606 non
728 4544 871 4622 negatur,
885 4537 939 4605 sed
954 4537 993 4602 ab
1008 4535 1116 4601 eadem
1133 4535 1251 4600 abstra-
