3238 5282
589 283 725 342 irrosus
738 285 788 340 ιιι.
1136 269 1200 336 251

130 433 242 500 Deo...
261 431 320 498 Dei
335 428 424 496 euim
438 427 586 497 minister
600 435 649 508 est
664 430 725 500 tibi
739 429 774 496 in
788 429 905 498 bonnm
923 426 964 514 1).
978 453 995 496 e
1012 432 1073 500 Per
1089 448 1144 502 me
1155 451 1246 517 reges
1289 430 1313 507 ¹i
1323 435 1406 492 dom.
1416 433 1490 510 iiiii,

129 525 321 604 regnant-et
337 521 440 602 mgnm
456 519 638 588 conditores
652 520 735 589 iusta
750 520 937 593 decernunts
947 529 1005 603 pei
1018 539 1070 586 me
1085 511 1246 608 principes
1266 507 1290 588 ¹2
1305 510 1333 568 ⁴·

10 633 11 642 ¹
130 611 304 692 imperent,
318 613 352 676 et
366 614 513 691 potentes
528 608 701 683 decernunt
712 608 868 676 iustitiam
883 607 927 692 2).
945 632 962 672 u
978 611 1072 679 lium
1090 630 1108 670 e
1126 613 1246 682 Audite
1287 613 1315 688 2)
1329 615 1491 691 procilli,

130 717 207 781 ergo
223 718 324 782 reges,
341 703 375 766 et
389 697 604 779 iutelligite...
618 701 769 784 quoniam
780 699 852 764 date
865 705 913 765 est
925 715 943 762 c
955 699 1094 768 Domino
1108 706 1247 781 potentes
1271 693 1316 766 ¹⁵2
1332 692 1376 748 ¹⁶·

10 813 12 872 r
130 789 233 864 vobis,
244 794 277 854 et
293 788 392 854 virtus
407 787 620 869 abditissimo
633 786 676 870 3).
686 811 703 852 u
713 789 801 871 Quue
816 793 955 871 potestus
970 793 1004 856 et
1018 788 1248 866 tristibusccu-
1287 794 1314 867 tl
1335 797 1466 870 Septem.
1481 839 1489 869 ‚

10 921 12 962 ζ
132 877 237 942 fertur
251 896 269 943 a
285 877 365 942 Deo:
385 877 504 966 olicae
518 877 613 954 coeli,
638 877 834 960 reguum'ct
850 877 1082 952 tortitudinem,
1100 883 1134 944 et
1147 879 1249 966 impe·
1267 871 1313 943 vl,
1330 873 1360 942 ²,
1373 873 1402 928 ⁴·

10 1013 11 1032 ἶ
132 966 232 1044 rium,
254 971 288 1032 et
302 967 439 1047 gloriam
454 965 542 1032 dedit
557 966 617 1032 titi
632 963 685 1050 l).
705 987 723 1030 u
746 968 789 1034 Et
808 967 1003 1050 paulopost:
1023 987 1040 1028 e
1058 967 1198 1038 illiciant
1215 973 1248 1040 tc
1288 976 1315 1050 ⁴i
1340 975 1460 1035 nantel.
1484 1019 1492 1048 ‚

10 1117 11 1126 ,
132 1055 173 1120 eb
189 1055 426 1132 homininum...
436 1055 534 1123 donec
549 1055 628 1120 scies
643 1056 723 1138 quod
738 1055 918 1130 dominetur
934 1057 1080 1126 Emelsus
1093 1075 1186 1140 super
1197 1077 1249 1128 re-
1269 1051 1305 1123 ¹¹‚
1318 1050 1364 1108 ³⁷·

10 1205 11 1214 ,
132 1160 233 1230 guum
247 1144 424 1220 hominnm,
440 1148 474 1212 et
487 1144 674 1229 cuicumque
690 1144 838 1220 voluerit.
855 1145 910 1212 det
925 1146 1001 1213 illud
1017 1142 1061 1228 i).
1081 1168 1098 1210 e
1115 1147 1172 1218 Est
1186 1148 1249 1217 its·
1287 1153 1314 1232 ⁵i
1324 1154 1375 1230 ibi,
1388 1155 1433 1231 lv,
1444 1158 1490 1214 22.

133 1252 196 1315 que
218 1233 360 1298 dierum
376 1233 554 1314 imperandi
566 1235 628 1308 ius,
648 1233 715 1308 scd,
733 1234 893 1310 medieuta
909 1234 993 1302 tacto
1014 1235 1121 1316 eliqua
1136 1237 1248 1307 sociuli

133 1322 404 1396 communicatur:
430 1322 661 1392 hameneolim
681 1328 759 1404 pute
773 1323 941 1395 electione.
966 1323 1015 1396 uel
1030 1324 1127 1393 tacito
1146 1326 1250 1395 subire

131 1411 253 1487 ctione;
271 1411 384 1479 deinde
401 1410 590 1492 hereditete
610 1411 783 1487 traditione
799 1412 848 1478 uel
862 1412 1069 1479 succentore.
1086 1413 1150 1494 Qui
1164 1415 1250 1480 scili-

133 1506 187 1565 cet
203 1501 372 1566 humanam
393 1501 591 1575 societatem,
612 1504 707 1583 atoue
722 1500 899 1583 imperandi
921 1501 1116 1581 fucultatem,
1136 1505 1250 1574 imme·

132 1589 220 1666 diate
234 1589 453 1666 constituerem
471 1589 632 1663 mediante
647 1589 814 1660 hominum
830 1589 931 1664 factm.
945 1590 1121 1673 imperandi
1135 1592 1250 1675 clergi-

122 1679 441 1765 .turnuct0ritstem.
456 1679 499 1751 idi
513 1677 640 1760 quiden
663 1679 895 1762 sapientissime
912 1680 993 1746 iectu
1008 1678 1069 1750 nei
1083 1685 1178 1764 atone
1193 1699 1251 1764 pc·

78 1767 82 1773 '
133 1769 281 1849 palorum
297 1769 331 1832 iu
347 1769 458 1837 eadem
471 1767 599 1840 actione
612 1769 810 1852 copulantur.
829 1769 913 1838 num
927 1770 1014 1837 enim
1029 1769 1069 1836 oi
1083 1787 1146 1838 una
1160 1775 1251 1853 perte

134 1857 266 1923 libertus
288 1858 392 1923 elucet
407 1857 613 1938 populorum
628 1873 669 1929 es
683 1856 746 1924 alie
767 1856 969 1932 instabilitas,
988 1856 1151 1930 lactantio
1166 1864 1199 1930 et
1213 1859 1251 1926 iia

133 1947 239 2027 centia
254 1945 523 2031 praeconenturiu
539 1945 605 2028 ipsa
621 1945 780 2014 libertate.
792 1947 876 2014 Dum
887 1947 991 2014 sciunt
1001 1945 1253 2028 imperentomse

134 2035 183 2102 vel
199 2041 306 2116 patres
321 2034 575 2118 suncexplicite,
586 2035 635 2102 vel
650 2034 806 2118 implicite
821 2053 841 2102 e
854 2036 973 2119 populo
988 2035 1084 2106 tuisse
1099 2035 1250 2112 detectos,

134 2130 306 2192 mouentur
324 2131 359 2200 ut
378 2125 461 2206 grati
476 2124 568 2199 liunt,
591 2141 691 2206 neque
706 2129 835 2206 accepta
857 2127 1026 2195 emuntur
1039 2127 1250 2202 auctoritates

132 2214 242 2296 populi
250 2219 356 2282 antem
364 2212 724 2296 recogitantesdivioem
732 2214 934 2286 auctoritatis
941 2213 1111 2295 originem,
1120 2231 1252 2285 mouen-

126 2308 186 2368 tur
201 2321 241 2370 ne
256 2303 290 2368 in
302 2304 509 2376 consalutent
523 2302 589 2371 iam
602 2302 780 2386 principem
795 2303 941 2386 sacrilegi
955 2303 1046 2374 flant.

224 2391 267 2458 Χ.
283 2393 369 2458 Haec
385 2392 602 2472 duomepetsn
613 2392 738 2475 clinem.
750 2391 1061 2464 Dcnennctoritotcm
1071 2393 1249 2476 confectas.

129 2481 350 2564 quaestionem
364 2481 542 2552 absolvunt.
560 2481 595 2550 si
610 2479 695 2548 dices
709 2498 782 2552 cum
797 2481 1005 2567 Bellarmino.
1023 2499 1181 2552 summere
1195 2501 1252 2565 po-

133 2573 281 2637 testatem
293 2571 386 2642 alteo
403 2569 552 2642 collatam
567 2587 635 2640 aesc
650 2570 684 2638 iu
700 2569 919 2645 multitudiue,
929 2571 968 2638 ei
979 2571 1046 2653 ipsa
1063 2576 1252 2639 veretrum·

133 2657 212 2724 terri
224 2659 257 2724 in
271 2660 460 2744 principem,
472 2659 638 2730 sententia
650 2658 760 2728 eadem
774 2663 893 2735 mnnet3
910 2677 1007 2742 quum
1020 2659 1193 2728 multitado
1206 2660 1255 2726 ni·

131 2875 300 2934 (terdiliuste
315 2875 400 2934 Porro
412 2891 476 2934 cam
490 2875 619 2948 populus,
630 2882 708 2932 euleu
721 2875 763 2931 sui
777 2875 855 2947 iuris,
864 2884 1022 2945 supremum
1037 2875 1252 2948 principemsibi

131 2953 284 3020 coustituit,
301 2953 374 3009 reiut
390 2969 452 3010 eum
466 2952 536 3010 lledi
550 2951 676 3008 enurcbie
689 2949 842 3008 inherentes
856 2953 1011 3020 supremum
1026 2956 1189 3022 potestatem
1200 2954 1254 3009 lie·

128 3027 182 3086 ioci
193 3027 323 3088 detulisse
332 3026 721 3100 memorentur,tnuapepulus
733 3025 1015 3099 destruemonemus
1030 3025 1069 3084 vel
1083 3025 1252 3100 similitudo

129 3119 183 3175 qua
197 3102 326 3174 deinceps
340 3103 452 3160 haerere
466 3103 563 3161 debeat
576 3101 685 3174 publice
699 3109 830 3174 potestus,
845 3101 979 3160 eonillem
990 3107 1151 3173 potestntem
1164 3109 1251 3174 orent,

128 3185 158 3234 ct
173 3180 301 3250 princeps
314 3180 424 3252 quidem
437 3178 651 3252 designationem
663 3177 745 3235 hebet
758 3195 773 3234 n
788 3176 1070 3248 populo,'potestntem
1079 3192 1142 3234 vero
1156 3179 1251 3235 nocui·

130 3255 153 3310 si
167 3270 183 3311 e
198 3255 261 3328 lieo,
277 3264 307 3310 nt
319 3262 430 3312 auctore
443 3260 569 3312 neturus:
588 3269 650 3312 nem
666 3252 733 3312 haec
749 3253 802 3312 duc
816 3253 893 3324 louge
907 3251 1046 3324 differunt,
1061 3253 1188 3314 sicariam
1202 3269 1254 3324 po·

127 3335 256 3388 testatem
276 3329 355 3388 elicui
369 3329 546 3400 demendum,
562 3329 634 3388 velut
647 3345 710 3388 cum
723 3333 886 3400 uroonrunu
899 3327 1007 3400 eiigitur
1023 3328 1250 3402 sinnaritanus,

128 3412 158 3462 ot
171 3404 324 3464 subiectum
343 3406 495 3480 deriguere,
511 3405 555 3464 cni
568 3403 666 3466 deiude
685 3421 743 3466 non.
752 3403 923 3479 designantis
936 3403 1059 3475 arbitrio,
1074 3401 1124 3463 nd
1143 3420 1176 3460 cx
1192 3405 1251 3476 loge

128 3481 257 3552 quopiam
274 3481 315 3540 vel
329 3481 450 3540 instituto
463 3487 541 3540 certe
556 3487 677 3552 potestas
697 3481 851 3545 conterent.
867 3479 912 3538 Sin
925 3478 989 3537 dum
1003 3477 1145 3539 Electnren
1160 3481 1251 3552 impe·

126 3553 1250 3632 retoremeiiguntipsumqnideuaimpereturieedignitatissubiectnmdcsiguuut

129 3637 159 3688 et
169 3633 348 3704 constituunt,
358 3631 405 3690 sed
414 3631 580 3706 imperialem
590 3637 753 3704 potestatem
768 3630 980 3708 proprietario!
995 3630 1152 3702 meterent,
1167 3646 1249 3703 qaam

129 3707 285 3778 imperator
298 3707 380 3768 halet
389 3724 423 3766 en
435 3708 539 3779 imperii
550 3705 654 3780 legibus
664 3714 692 3765 et
702 3707 905 3776 constitutione,
914 3705 1105 3768 cuaieetorer
1120 3706 1170 3778 ipsi
1185 3706 1251 3774 srib-

132 3781 230 3858 ieceot.
247 3785 291 3840 Sic
304 3781 368 3842 dum
389 3783 545 3858 cardinales
559 3783 716 3844 Pontificem
730 3783 845 3855 etigunt,
861 3781 972 3858 pienum
985 3786 1029 3840 cst
1041 3797 1094 3849 non
1104 3780 1250 3848 sosPoeti·

130 3857 174 3913 fici
186 3857 273 3914 electo
286 3859 410 3930 papalem
420 3864 582 3934 potestatem
592 3858 727 3920 conterre.
737 3859 780 3926 Sic
792 3873 906 3928 pransus
921 3872 984 3920 cum
998 3857 1067 3925 dedi
1086 3864 1249 3928 potestatem

127 3933 219 3990 Deioci
238 3933 425 4007 contulerunt,
440 3951 474 3992 en
486 3934 673 4011 designatione
688 3949 844 4005 supremam
857 3939 1022 4008 potestatem
1036 3933 1064 3991 in
1076 3933 1173 3990 lteiocn
1183 3933 1250 3999 hae»
1329 3935 1330 3944 ’

128 4023 193 4066 rere
203 4007 413 4084 voluerunt‚sed
423 4009 655 4082 hujussupremac
665 4013 808 4086 potestatis
820 4010 878 4066 iure
891 4009 1001 4077 [telones
1016 4024 1068 4066 uon
1083 4008 1250 4071 eliodorum

127 4082 230 4155 placito
246 4083 350 4159 habait,
366 4084 414 4160 ned
429 4102 463 4146 ex
477 4085 669 4160 legendumne,
698 4101 735 4148 ue
745 4098 887 4156 supremee
898 4084 1039 4156 potestatis
1053 4083 1112 4152 iure
1125 4085 1249 4152 nituntur

129 4165 159 4216 et
173 4159 343 4234 sanciuntur,
352 4168 383 4219 ut
396 4161 522 4234 superins
535 4101 741 4221 vidimusmiem
753 4159 830 4232 pipue
840 4161 1000 4232 contingere
1014 4159 1066 4223 ium
1075 4158 1248 4222 obserentem

130 4241 175 4293 est
188 4235 215 4292 in
229 4235 432 4314 munereque
447 4235 616 4312 coronidem
630 4235 769 4300 voluntem
783 4236 871 4298 virum
885 4234 971 4308 eligit,
981 4249 1034 4296 noe
1045 4234 1069 4294 ei
1082 4239 1175 4300 tenen
1188 4248 1249 4304 nup·

131 4309 217 4442 rimini
232 4313 373 4460 ρῖοὲῗεῑαῐίε
391 4313 451 4372 ium
464 4313 558 4372 tribuit
574 4334 586 4364 o
605 4311 713 4387 (dnn,
727 4309 958 4385 taurinenrem
972 4307 1063 4379 cicili,
1077 4313 1172 4370 Neue
1186 4324 1247 4382 op„

129 4403 159 4458 p.
218 4430 226 4458 s
295 4430 301 4442 ·
967 4425 972 4434 ·

207 4465 235 4520 Si
250 4463 370 4536 quolibet
383 4480 461 4548 cem,
476 4465 663 4538 comperimus
677 4464 735 4535 ipse
745 4461 897 4534 prinoipem
907 4465 1048 4533 instituit,
1058 4473 1168 4534 sempor
1178 4475 1246 4534 qao-

131 4553 185 4610 que
199 4537 300 4616 diuine,
323 4557 376 4600 uon
390 4541 529 4615 populeris
543 4546 663 4615 potestas
677 4555 692 4598 e
706 4538 872 4614 principibus
886 4541 1039 4596 exercetur.
