3224 5282
430 331 473 398 68
876 351 970 399 uruan
986 351 1007 397 ι.

475 497 548 564 Vll.
564 499 661 563 Errat
684 500 717 561 in
733 498 876 578 singulis.
895 497 977 564 Nam
996 497 1026 560 i.
1048 498 1185 561 llomo'a
1200 491 1267 559 lieu
1284 497 1386 561 iactus
1401 503 1452 562 est
1467 501 1508 562 ad

385 589 580 653 societatem:
598 603 674 668 ergo
692 586 826 651 mundus'
840 604 966 670 quoque
981 585 1104 649 socialis
1118 591 1165 650 est
1181 602 1199 648 a
1214 583 1293 649 beo.
1308 585 1381 651 Sint
1397 586 1439 649 ab
1451 587 1509 651 ho-

386 679 475 742 mine
490 676 611 740 iorrnae
625 677 787 742 societatis
802 675 1022 754 accidentales,
1037 682 1070 738 at
1083 675 1133 738 lex
1144 678 1273 738 aeterna
1288 674 1445 751 iustitiae,
1458 695 1509 740 re

386 765 526 847 ligionis,
541 765 716 842 charitatis,
731 766 842 849 quibas
857 764 1001 829 homines
1012 763 1273 828 coadunanturet
1284 764 1463 845 religantur
1475 767 1507 828 in

384 853 549 928 societate,
564 857 674 935 utpote
685 854 862 921 essentialia
874 851 1034 918 societatis
1046 853 1214 926 elementa,
1225 852 1429 918 certissimea
1440 855 1509 920 Deo

385 948 470 1015 sunt,
484 946 518 1007 et
529 941 673 1007 societati
686 943 915 1025 praeexistunt.
928 942 1076 1024 ideoque,
1090 941 1159 1021 sine
1171 941 1248 1015 iliis,
1264 958 1326 1005 non
1339 943 1443 1024 magis
1451 945 1510 1008 tie-

385 1036 436 1097 ret
452 1032 597 1106 societas,
616 1049 710 1114 quam
734 1034 802 1097 sine
824 1049 895 1096 aere
910 1035 1023 1106 statua,
1042 1031 1090 1095 vel
1106 1030 1231 1113 pictura
1244 1030 1314 1094 sine
1332 1032 1506 1096 coloribus.

385 1122 468 1194 lmo,
485 1137 594 1185 omnes
608 1115 750 1202 utopiae,
768 1121 906 1202 ialsuque
928 1125 1110 1204 systemata,
1127 1135 1207 1202 quae
1229 1118 1418 1186 societatem
1440 1127 1510 1187 tur·

385 1210 462 1275 bant
475 1227 510 1275 ao
522 1209 667 1281 miscent,
687 1225 727 1274 ex
740 1225 778 1275 ea
792 1216 869 1275 sunt
882 1209 984 1274 radice
995 1209 1150 1292 proiecta,
1164 1205 1248 1291 quod
1260 1209 1429 1273 bominum
1441 1212 1511 1275 coi-

386 1297 498 1380 ligatio
513 1303 549 1364 ut
562 1309 684 1362 merum
699 1313 778 1381 opus
791 1299 958 1364 hominum
971 1294 1137 1364 aestimata
1149 1297 1259 1362 luerit.
1273 1297 1444 1364 Societmis
1456 1317 1512 1365 ac-

385 1387 523 1453 cidentia
539 1387 702 1471 expoliant
717 1388 875 1463 homines,
893 1387 1154 1471 quemadmodum
1167 1386 1297 1463 artlllci,
1311 1391 1439 1452 retento
1452 1389 1511 1454 ho-

385 1477 483 1541 minis
507 1482 597 1562 typo,
619 1476 741 1542 iorrnae
760 1477 907 1542 adiuncta
924 1475 1169 1558 lioetexpolire:
1186 1475 1241 1539 sed
1256 1475 1421 1542 societatis
1436 1480 1512 1542 sub-

385 1565 561 1644 stantialia,
579 1579 676 1649 quum
693 1567 790 1632 aileo
802 1566 867 1631 sint
881 1570 915 1631 et
926 1565 1000 1642 lire,
1014 1581 1078 1629 non
1090 1561 1254 1628 hominum
1270 1564 1363 1629 libitu
1378 1565 1435 1630 sed
1448 1568 1509 1632 llei

387 1655 506 1737 iegibus
521 1656 654 1722 societas
668 1657 736 1737 ipso
751 1655 972 1732 constituitur}
993 1671 1093 1736 eoque
1108 1652 1209 1733 magis
1225 1654 1426 1734 perficietur,
1444 1675 1509 1740 quo

385 1744 424 1809 ad
438 1744 581 1810 divinum
597 1743 742 1809 ordinem
752 1746 883 1827 propius
895 1743 1035 1809 accedet.

474 1833 566 1900 Vlil.
584 1833 644 1898 Vel
660 1835 761 1915 igitur
776 1833 815 1897 de
829 1826 1087 1898 substantialibus
1102 1829 1212 1894 mundi
1224 1831 1348 1896 socialis
1364 1832 1512 1915 loquitur

384 1921 493 1996 Vicus,
512 1922 560 1986 vel
576 1921 615 1986 de
631 1921 886 1986 occidentalibus:
904 1919 959 1984 illa
973 1939 1014 1984 ex
1026 1920 1086 1985 Dei
1099 1917 1218 2000 iegibus
1229 1919 1403 1986 haurienda
1417 1929 1506 1996 sunt,

384 2009 445 2071 ista
457 2025 497 2072 ex
508 2010 673 2073 hominum
685 2010 864 2090 lactisquue
876 2023 985 2073 revera
994 2007 1235 2090 praeeesserint.
1246 2009 1333 2091 Ergo
1343 2026 1511 2090 nunquam

385 2115 425 2161 ex
439 2095 619 2162 subiectivis
634 2097 845 2162 scribentium
860 2096 940 2161 ideis
960 2096 1203 2163 consarcinanda
1219 2102 1266 2163 est
1282 2098 1443 2180 periectio
1460 2101 1508 2167 vel

384 2185 518 2252 historia
533 2185 643 2250 mundi
658 2178 794 2250 socialis.

474 2273 534 2340 lx.
554 2277 587 2340 2.
605 2275 678 2341 Nou
694 2274 795 2356 magis
804 2272 980 2358 probabile,
994 2273 1139 2339 homines
1150 2274 1189 2339 ¹ud
1201 2274 1376 2340 belluinum
1388 2281 1509 2341 statum

384 2361 536 2441 deiectos,
554 2377 648 2446 quam
663 2363 774 2428 circuli
790 2367 936 2430 naturam
950 2363 1118 2446 aliquundo
1130 2362 1228 2429 lutera
1240 2365 1447 2447 assumpsisse
1459 2367 1507 2431 vel

386 2454 528 2534 angulos.
545 2454 613 2520 Nee
633 2452 805 2516 tonitribus
822 2469 864 2517 ea
880 2453 939 2529 vis,
955 2456 993 2518 ut
1009 2470 1048 2518 ex
1062 2451 1164 2516 brutis
1184 2452 1331 2517 homines
1350 2455 1506 2527 efficiant:

386 2559 444 2604 nec
461 2547 496 2608 ut
511 2543 580 2605 sine
596 2542 664 2623 lege
679 2546 838 2622 vagantes,
855 2541 913 2604 sub
929 2542 996 2624 lege
1011 2540 1249 2621 adligarentur:
1267 2559 1326 2606 nec
1342 2547 1379 2606 ut
1395 2540 1437 2606 ad
1448 2543 1510 2608 Dei

385 2629 536 2695 notitiam
551 2635 761 2712 assurgerent,
782 2629 843 2693 uisi
858 2647 929 2694 eam
944 2630 979 2694 in
990 2628 1101 2710 seipsis
1114 2629 1321 2694 invenissent.
1336 2631 1509 2714 Pauperri-

382 2735 434 2782 ma
449 2724 483 2785 et
497 2714 709 2791 abiectissimi
725 2716 937 2800 philosophia,
951 2719 1030 2800 qua'e
1041 2718 1080 2781 de
1096 2715 1239 2792 homine,
1252 2718 1509 2799 praeclarissima

381 2806 442 2872 Dei
459 2807 609 2890 imagine,
629 2808 730 2889 deque
744 2806 812 2870 eius
826 2806 978 2872 societate
994 2825 1012 2870 a
1029 2804 1169 2870 familiae
1185 2806 1318 2871 vinculis
1333 2812 1368 2872 et
1383 2809 1511 2875 allecti-

382 2897 439 2960 bus
456 2897 582 2980 incepta
598 2897 655 2960 sub
671 2895 730 2961 liei
745 2896 894 2978 imperio,
912 2895 989 2960 haee
1003 2894 1142 2960 somniat
1154 2894 1201 2958 vei
1214 2891 1352 2960 delirat!

471 2987 516 3050 x.
526 2983 568 3050 Υ3.
585 2984 766 3059 disibodus,
784 3001 846 3067 qua
859 3002 900 3049 ex
914 2983 1031 3048 mundo
1045 2982 1140 3047 ideali
1154 2984 1353 3048 conciuditur
1368 2981 1510 3051 historia

382 3075 493 3141 mundi
517 3075 621 3150 realis,
640 3091 695 3139 seu
717 3078 848 3138 externa
863 3072 1002 3138 evolutio
1025 3075 1059 3135 et
1081 3083 1263 3152 progressus
1278 3072 1509 3150 humanitatis,

383 3164 617 3248 pantheismum
630 3169 662 3230 et
673 3162 867 3230 fatalismum
878 3161 973 3242 sapit.
988 3157 1218 3226 Pantheismust
1230 3160 1322 3242 ponit
1332 3161 1423 3226 enim
1433 3182 1513 3245 pro-

382 3272 523 3336 gressum
534 3254 569 3319 in
582 3257 706 3326 natura,
721 3271 816 3336 quem
825 3269 882 3316 nos
892 3249 1050 3332 superiori
1061 3241 1156 3313 titulo
1168 3249 1442 3332 expungebamus.
1450 3254 1513 3318 Fa·

381 3343 555 3408 talisnrum:
574 3361 647 3407 nam
663 3341 690 3406 si
706 3340 899 3422 agendorum
913 3339 1011 3403 series
1026 3338 1088 3401 fixa
1103 3341 1152 3402 est
1167 3353 1186 3399 a
1200 3337 1316 3420 priori,
1331 3344 1445 3404 actum
1460 3347 1512 3406 est

384 3432 423 3497 de
440 3433 599 3503 libertate
617 3432 644 3494 si
661 3430 749 3494 letali
764 3446 855 3492 cursu
871 3427 1046 3492 devolvitur
1060 3424 1251 3502 hunanitas,
1265 3443 1343 3507 ergo
1355 3433 1391 3492 et
1402 3429 1515 3494 homi-

384 3537 439 3583 nes
456 3519 686 3583 humanitatem
708 3520 943 3598 componentes.
964 3515 1052 3594 Quam
1070 3513 1239 3595 methodus
1261 3514 1435 3582 historiam
1458 3519 1516 3583 de-

383 3605 574 3671 scribendis
590 3605 704 3688 priori,
723 3605 874 3685 quoniam
894 3602 1037 3678 invaluit,
1060 3601 1226 3666 historiam
1242 3602 1309 3667 lere
1324 3605 1511 3672 amisimus.

382 3689 535 3762 Rationes
553 3695 708 3758 laetorum
727 3693 936 3774 inquiramus,
957 3691 1090 3755 sednon
1111 3690 1233 3770 ingenii
1248 3699 1436 3759 commenta
1450 3699 1515 3778 pro

383 3784 475 3854 iactis
492 3783 700 3848 venditemus.
719 3780 811 3860 Quod
831 3777 1001 3846 multoties
1017 3778 1177 3862 praestitit
1195 3779 1306 3853 Vicus,
1324 3783 1515 3865 torquendo

383 3873 479 3949 iacta,
491 3873 683 3954 liberamque
695 3869 927 3936 humanitatem
939 3885 995 3933 suo
1007 3867 1222 3932 iiioctrculoo·
1229 3876 1329 3945 motu,
1341 3870 1518 3956 sivepnae·

381 3967 529 4043 concepta
546 3965 578 4026 et
594 3961 788 4025 ineluctabili
803 3957 998 4040 agendorum
1011 3955 1105 4029 serie,
1122 3957 1327 4023 coarctando.

472 4047 585 4116 ill-t.
603 4047 718 4117 Sensus
733 4049 865 4114 intimus
880 4049 913 4112 et
927 4044 1130 4110 individualis
1141 4060 1178 4106 ea
1191 4049 1341 4122 testatur,
1359 4063 1448 4129 qnae
1465 4051 1519 4116 in-

382 4144 443 4215 tra,
463 4157 527 4204 non
542 4155 622 4222 quae
638 4143 728 4204 extra
743 4133 973 4203 conscientiam
987 4131 1090 4215 posita
1104 4135 1190 4196 sunt.
1208 4131 1325 4199 Sensus
1341 4141 1460 4204 autem
1477 4160 1519 4206 u-

381 4225 560 4305 niuersalis,
575 4246 672 4310 quum
685 4228 727 4293 sit
740 4224 884 4291 collectio
896 4238 1040 4286 sensuum
1052 4219 1307 4298 individuarum,
1322 4243 1432 4306 neque
1445 4248 1519 4296 arn-

379 4317 515 4400 pliorem
531 4318 626 4384 habet
638 4317 715 4384 vim,
724 4311 817 4396 'Ergo
831 4314 943 4376 neuter
958 4313 1006 4374 est
1016 4307 1179 4373 criterium
1192 4311 1337 4378 veritatis
1348 4316 1520 4384 sufficiens

380 4407 613 4476 etuniversaia.
624 4409 758 4479 Revera,
768 4415 983 4485 quaecumque
994 4395 1146 4463 historico
1157 4403 1307 4477 suppetat
1319 4401 1519 4487 intelligen-

379 4498 412 4560 di
425 4500 471 4564 vei
484 4495 642 4564 sentiendi
654 4497 712 4571 vis,
729 4506 890 4573 nunquam
901 4486 1144 4570 praeteritomm
1157 4484 1328 4553 histuriam
1338 4494 1515 4570 conficiet,

380 4587 440 4652 nisi
458 4589 575 4656 tradita
591 4584 760 4672 acceperim
780 4581 939 4648 lactorun
954 4576 1040 4641 enim
1053 4589 1089 4638 ea
1104 4575 1152 4638 est
1164 4573 1311 4644 conditio
1326 4583 1362 4645 et
1379 4587 1514 4660 natura,
