3238 5282
423 331 490 396 ἥδ
871 345 1017 394 nassau.

376 495 498 575 ligitur;
516 497 599 575 ipse,
611 494 805 559 sensibiliori
817 493 952 576 quadam
970 491 1107 564 ratione,
1121 491 1206 555 aises
1218 489 1456 565 eonstituimur,
1475 500 1514 558 et

375 585 500 647 suavius
514 600 551 648 ac
562 584 686 648 firmius
702 583 846 648 familiae
861 599 942 664 quae
958 582 1045 646 illam
1059 579 1151 644 nobis
1163 579 1310 654 tradidit,
1328 586 1362 648 et
1378 584 1513 662 patriae

375 689 456 755 quae
470 672 561 737 illam
572 677 693 747 tuetur,
707 673 938 747 consociamur;
949 671 1018 752 ipsa
1030 670 1162 752 ingenio
1174 675 1208 735 et
1220 669 1341 734 viribus
1357 669 1512 736 stimulos

374 761 587 836 administrat,
606 765 747 827 mentem
762 762 860 834 acuit,
879 759 1081 843 diligentiam
1097 759 1198 833 fovet,
1216 760 1276 825 alit
1291 764 1389 833 artes,
1407 759 1513 826 iami-

377 850 434 914 lias
448 856 482 916 et
497 850 634 931 imperia
648 869 704 916 sua
717 850 919 932 perennitate
933 850 1041 916 firmat
1052 855 1148 930 atque
1159 852 1309 914 exornat.
1319 849 1429 928 Quare
1445 869 1511 915 nec

376 938 471 1003 nimis
486 940 644 1014 attritam,
654 958 711 1005 nec
728 941 825 1004 nimis
840 943 1025 1020 congestam
1037 940 1072 1003 in
1088 937 1219 1014 civitate
1235 939 1416 1018 expetimus
1427 958 1511 1023 pro-

375 1028 559 1109 prietatem.
570 1029 843 1104 Nimiumattrita,
854 1029 939 1110 quod
950 1028 1023 1094 nori
1032 1031 1189 1109 expetunt
1201 1027 1444 1108 legumlatores,
1455 1028 1511 1094 ia-

374 1118 537 1183 miliamm
554 1118 755 1200 ebmmpitur
762 1119 930 1192 successio,
939 1117 1075 1183 firmitas
1090 1122 1125 1189 et
1139 1116 1329 1199 amplitudo.
1340 1117 1445 1202 Atqui
1452 1137 1509 1184 so·

374 1206 465 1272 cleiis
476 1207 566 1288 quasi
578 1208 716 1276 aedilicii
725 1210 891 1273 columnae
899 1207 1041 1275 familiae
1051 1209 1137 1282 sunt,
1148 1223 1282 1291 quarum
1294 1205 1417 1271 lumine
1429 1209 1507 1272 urbs

374 1301 441 1362 tota
457 1302 614 1373 coruscat,
633 1301 666 1364 et
678 1299 869 1380 populorum
885 1297 1090 1370 traditiones,
1106 1300 1141 1361 et
1155 1294 1417 1360 recte-tactorum
1434 1315 1505 1362 me-

373 1385 476 1450 moria
491 1387 688 1471 atquesigna
700 1389 739 1452 ad
751 1392 893 1470 posteros
905 1383 1215 1465 traducuntur.Quis
1226 1384 1315 1448 enim
1327 1385 1498 1460 Camillos,

373 1474 509 1550 Laelios,
522 1477 690 1551 Aemilios,
700 1477 877 1560 Scipiones,
887 1475 1060 1550 Fabritios,
1069 1473 1194 1556 aliaque
1209 1475 1374 1540 Romanae
1390 1476 1503 1558 reipu-

332 1577 336 1584 ·
372 1564 470 1629 blicae
480 1564 585 1630 sidera
597 1585 659 1632 non
670 1566 893 1640 demirabitur,
908 1583 970 1630 non
983 1564 1112 1646 diligati
1124 1562 1230 1641 Quare
1242 1555 1368 1630 Cicero:
1384 1583 1404 1624 a
1419 1565 1501 1632 Om-

131 1660 309 1732 lti’rosert.
325 1659 352 1713 t.
373 1672 428 1718 nes
437 1654 513 1718 boni
521 1672 649 1737 semper
657 1655 815 1722 nohilitati
822 1655 975 1729 lavemus,
984 1653 1150 1737 'quiautile
1157 1657 1206 1718 est
1215 1653 1410 1737 reipublicae
1421 1651 1465 1738 1).
1478 1678 1498 1716 s

372 1743 530 1811 Nobilitas
546 1750 665 1820 autem,
685 1763 766 1826 quae
781 1743 864 1809 nilul
878 1745 962 1813 aliud
977 1748 1026 1809 est
1046 1743 1107 1806 nisi
1124 1741 1218 1824 longa
1237 1743 1397 1808 tactorum
1410 1743 1500 1809 serie

371 1833 560 1900 confirmata
575 1834 687 1908 virtus,
696 1835 853 1916 quomodo
865 1833 934 1899 sine
950 1829 1152 1915 proprietate
1163 1831 1197 1895 in
1209 1831 1344 1896 familiis
1357 1833 1499 1898 sustine-

372 1921 474 1987 bituri
483 1922 573 1989 Unde
587 1923 615 1986 si
627 1922 1073 2005 primogeniturammabusus
1082 1921 1309 2002 improbamus,
1321 1921 1436 2004 quibus
1445 1940 1498 1989 ve-

372 2011 431 2076 luti
447 2010 589 2090 lamiliae
604 2017 744 2078 exsortes
759 2012 916 2077 habentur
930 2012 986 2095 qui
998 2015 1073 2076 suut
1084 2011 1197 2076 eodem
1207 2011 1362 2092 sangiune
1378 2009 1494 2092 geniti3

371 2117 423 2164 eas
439 2100 600 2174 tamensi
613 2097 828 2183 temperanter
839 2101 1063 2174 instituantur,
1077 2098 1208 2165 lamiliis
1217 2104 1311 2184 atque
1325 2100 1374 2166 rei
1391 2100 1497 2183 publi-

371 2205 426 2252 cae
442 2188 537 2253 utiles
552 2189 847 2258 arbitramur.Nam
860 2197 895 2257 ut
907 2191 942 2255 in
954 2207 1077 2273 quaque
1088 2207 1124 2254 re
1135 2189 1342 2273 praecavendi
1353 2194 1430 2255 sunt
1442 2208 1495 2255 ex-

372 2293 487 2352 cessus,
498 2277 543 2342 sic
553 2278 588 2341 iu
597 2277 668 2343 iure
682 2279 771 2344 civili
783 2297 848 2344 non
859 2279 1029 2345 indiscrete
1044 2278 1293 2355 scindenda,nec
1308 2278 1406 2344 nimis
1419 2297 1495 2346 oon·

374 2364 528 2432 trahenda
543 2372 591 2432 est
606 2368 796 2450 proprietam
810 2370 895 2450 quod
906 2378 940 2436 et
952 2369 991 2434 de
1003 2369 1072 2432 iure
1083 2367 1229 2450 politico,
1247 2367 1443 2453 insequenti
1459 2369 1497 2433 li·

280 2532 285 2540 .
375 2457 444 2529 bro,
463 2456 569 2538 aliqua
582 2457 707 2522 ratione
719 2459 958 2534 affirmabimus;
975 2459 1049 2532 etsi,
1063 2458 1143 2522 iuris
1153 2457 1258 2522 civilia
1273 2476 1291 2521 a
1307 2457 1498 2539 politicoia-

374 2549 425 2610 cta
441 2545 660 2622 distinctione,
677 2547 876 2629 dispertitam
891 2550 998 2631 potius
1009 2547 1251 2631 proprietatem,
1262 2547 1430 2614 collectam
1444 2564 1500 2611 au-

374 2639 439 2699 tem
455 2636 555 2718 magis
571 2654 665 2718 quam
681 2636 814 2702 tractam
830 2638 993 2738 diligimus
1008 2634 1303 2721 auctoritatem(a).

450 3996 490 4086 to}
504 4000 641 4072 Superiori
655 4010 683 4062 et
697 4009 789 4064 nostra
803 4006 854 4065 lrao
872 4013 972 4079 aetate,
986 4010 1047 4069 odio
1056 4008 1171 4068 familiae
1187 4017 1216 4069 at
1230 4013 1421 4085 proprietatis,
1435 4016 1496 4085 pri·

373 4079 562 4158 maganuturae
576 4080 748 4165 vehementer
762 4083 900 4153 impetitae
914 4085 1112 4160 tantillarum
1126 4086 1238 4146 damunr
1249 4083 1369 4147 filiorum
1381 4089 1440 4148 lere
1452 4091 1494 4146 iu·

374 4147 630 4241 relius-exaequatis.
646 4157 699 4215 Sed
712 4158 764 4216 hac
777 4158 933 4218 laboramus
948 4162 1133 4235 imprudentia
1144 4170 1227 4238 atqua
1241 4166 1408 4240 infirmitate,
1417 4172 1449 4223 ut
1460 4180 1494 4222 ex

372 4231 437 4311 vitro
447 4239 479 4283 ru
492 4237 646 4317 oppositum
661 4233 751 4292 vitium
764 4236 948 4296 coniiciamur.
957 4241 1046 4308 Quum
1055 4254 1123 4313 argo
1132 4241 1257 4314 aequitas
1270 4247 1297 4299 at
1311 4257 1364 4313 par
1379 4243 1495 4301 tamilla·

372 4316 411 4358 rra
423 4305 581 4392 quaerenda
594 4313 629 4365 sit
641 4324 675 4366 ex
689 4325 743 4366 una
756 4318 845 4384 parta,
854 4328 888 4370 ex
900 4313 952 4378 alla
962 4330 1029 4378 vero
1040 4312 1164 4388 stirpium
1174 4319 1346 4384 conservatio
1356 4324 1384 4376 et
1396 4335 1494 4390 persa·

373 4386 493 4437 vetantia
505 4378 540 4438 ad
554 4397 594 4439 rus
608 4391 715 4456 spectet
727 4387 896 4463 familiarum,
907 4405 1012 4450 necnon
1022 4391 1057 4451 ad
1067 4391 1185 4451 decusat
1198 4393 1352 4451 firmitatem
1365 4393 1492 4468 civitatis3

372 4461 488 4515 caveant
500 4456 661 4530 prudentes,
677 4476 710 4520 na
724 4463 795 4526 sicut
806 4464 871 4523 olim
884 4467 966 4524 nimia
979 4469 1182 4530 successionum
1202 4469 1397 4542 inaequalitate
1411 4477 1492 4530 uatu-

372 4530 437 4617 ralis
450 4535 570 4623 aequitas
585 4535 738 4612 vexabatur,
747 4539 783 4596 ita
796 4556 829 4600 ue
843 4543 985 4604 immodica
998 4545 1160 4622 aequalitate
1174 4562 1246 4606 nunc
1259 4547 1318 4605 iura
1331 4546 1491 4607 familiarum

371 4622 449 4665 nunu
463 4607 637 4673 debilitantur
651 4619 678 4673 ot
693 4621 880 4681 conterantur.
