3222 5282
559 329 760 402 1111111111.
1129 311 1173 378 27

90 481 252 560 pot‘equae
267 475 399 541 saeculis
413 476 559 541 omnibus
573 481 648 542 ante
665 481 737 542 nata
753 484 813 556 est,
832 495 927 561 quam
942 478 1060 559 scripta
1075 477 1126 542 lex
1140 477 1214 550 ulla,
1398 527 1400 532 .

92 569 147 630 aut
163 583 258 648 quam
269 565 400 638 omnino
416 565 527 631 civitas
541 565 715 632 constituta
732 565 774 650 1).
791 589 808 630 1
1284 569 1306 638 ll
1327 567 1398 640 Cio,
1420 573 1465 626 De

183 655 274 719 Vlll.
293 655 405 719 Altera
420 655 497 736 legis
510 654 653 719 conditio
665 660 714 720 est
726 655 892 732 eoideotia.
905 654 1062 737 Equidem
1073 653 1157 720 ratio
1170 659 1218 720 te·
1237 645 1318 717 lii-r
1332 642 1355 716 Ι,
1371 644 1399 699 i·

92 742 200 807 nebris
215 743 343 824 caligat,
362 743 565 824 opinionibus
581 743 780 820 distrahitur,
800 745 949 827 novisque
960 743 998 808 in
1014 742 1080 807 dies
1095 743 1219 825 cupidi·
1312 786 1316 794 ·

92 831 211 895 tatibus
226 831 413 896 offunditur.
431 837 475 897 At
490 831 633 897 divinum
649 832 767 906 lumen,
785 833 847 896 nisi
863 835 986 898 extinto
1000 831 1151 897 rationali
1163 851 1219 898 na·

92 925 178 993 tura,
196 938 259 984 non
279 920 488 1001 extinguitum
505 938 605 1004 ecque
619 927 806 1002 permanent
819 921 978 987 evidentia
992 926 1085 1002 atque
1099 921 1219 986 indele-

91 1006 182 1080 bilia,
193 1026 273 1090 quae
288 1008 426 1074 diximus
442 1008 546 1089 prima
560 1009 718 1093 principia
734 1029 840 1074 rorum
855 1009 1107 1090 intelligibilium
1123 1014 1219 1092 atque

93 1095 273 1176 agibilium‚
290 1096 339 1161 uti
354 1097 425 1162 hoe:
444 1095 544 1162 Alteri
559 1117 597 1163 ne
612 1099 726 1182 sarias,
754 1101 836 1180 qaod
851 1099 905 1163 tibi
919 1099 1040 1182 saetam
1055 1098 1149 1163 notia.
1168 1098 1220 1164 Si·

93 1185 218 1249 militer
233 1185 410 1265 proximae,
428 1203 509 1268 quae
523 1187 598 1250 inde
610 1188 714 1252 ,fluunt
730 1188 959 1263 conclusiones,
976 1186 1036 1254 uti:
1051 1185 1138 1270 Erga
1153 1205 1220 1252 noa

93 1273 308 1348 metiendam,
334 1293 400 1338 aon
414 1276 603 1356 [arandum.
627 1281 671 1341 At
688 1294 751 1341 non
767 1277 942 1359 aequaliter
963 1292 1018 1341 sua
1033 1275 1102 1340 luce
1122 1275 1220 1340 alare-

91 1366 186 1426 scunt
201 1379 257 1426 eae
272 1362 500 1440 conclusiones
515 1381 593 1446 quae
606 1364 744 1446 longiori
759 1365 1043 1447 argumentationis
1058 1364 1113 1428 filo
1124 1364 1221 1428 dedu·

92 1455 227 1514 cuntur:
251 1451 332 1516 sicut
348 1451 504 1532 plurimae
520 1452 638 1517 11111111
653 1453 866 1534 quaestiones,
884 1471 964 1536 quae
979 1470 997 1517 a
1012 1469 1138 1516 morum
1153 1469 1220 1516 ma-

92 1539 208 1620 gistris
217 1539 423 1621 inutramque
434 1545 560 1621 partem
571 1543 783 1623 exagitantur.
795 1544 930 1623 Insuper
940 1541 1089 1624 plurima,
1101 1541 1221 1606 abstra-

93 1633 149 1694 cto
166 1633 200 1693 et
213 1629 385 1692 universali
400 1629 531 1705 iudicio,
556 1630 641 1710 quod
656 1631 828 1710 synderesis
849 1631 1036 1712 appellatur,
1062 1628 1220 1694 evidentia

94 1720 185 1789 sunt;
203 1735 268 1780 non
284 1733 357 1780 vero
373 1717 407 1780 in
424 1717 687 1806 applicationibus
702 1719 742 1782 ad
756 1737 845 1783 casus
859 1718 1075 1801 particulares,
1101 1717 1136 1782 in
1151 1717 1222 1798 qui-

95 1805 156 1868 bus
167 1822 270 1879 mens,
281 1822 336 1868 seu
347 1808 549 1881 conscientia,
560 1806 735 1888 practicam
747 1807 900 1872 iudicium
911 1806 1094 1881 instituens,
1105 1806 1223 1871 velfal·

94 1910 133 1957 sa
148 1894 426 1974 argumentatione
441 1895 596 1971 illuditur,
612 1896 661 1962 val
676 1895 902 1977 cupiditatibus
916 1897 1075 1960 irretitur.

189 1983 251 2047 IX.
264 1979 517 2048 Hisce'infirmae
534 1987 567 2048 et
578 2001 670 2066 saepe
681 1984 848 2066 caligantis
867 1990 999 2049 naturae
1015 1983 1102 2048 vitiis
1114 2000 1225 2060 occur-

96 2069 214 2136 rimus:
235 2071 267 2135 1.
288 2073 729 2156 Mentemapraeconceptis,
755 2074 802 2140 uel
824 2072 1001 2156 depravatis
1024 2072 1226 2154 opinionibus

95 2159 316 2242 expurgando,
338 2177 418 2242 quae
432 2161 481 2228 vel
495 2162 653 2243 sapientes
667 2168 835 2228 excaecant
850 2167 884 2227 et
899 2163 934 2227 in
949 2179 1097 2244 praeceps
1112 2165 1222 2242 agunt.

96 2249 134 2312 2.
154 2248 205 2313 nd
217 2252 323 2313 reatae
334 2249 469 2314 rationis
480 2254 597 2332 partes,
618 2267 696 2332 quae
708 2252 861 2333 plurimae
880 2251 980 2316 adbuc
991 2254 1145 2332 perstant,
1164 2267 1223 2331 pro

97 2336 221 2402 viribus
235 2336 423 2406 accedendo.
441 2335 474 2404 3.
489 2339 643 2404 Animum
658 2357 677 2402 a
692 2340 915 2423 cupiditatibus
923 2340 962 2404 ad
969 2338 1146 2405 honestatis
1153 2355 1223 2402 sen-

97 2443 172 2490 sum
187 2425 380 2500 extollendo,
405 2430 442 2491 ut
457 2445 506 2501 ea,
525 2445 605 2510 quae
622 2429 702 2494 bona
717 2431 795 2505 sint,
820 2430 915 2505 iusta,
940 2428 1120 2504 laudabilia,
1136 2428 1233 2493 ultro

97 2518 136 2578 et
151 2520 301 2598 prompte
321 2515 567 2597 cogitationibus
582 2516 670 2582 nobis
684 2519 733 2583 vel
748 2519 913 2600 agentibus
929 2521 1110 2582 occurrant.

194 2603 240 2668 X.
257 2605 364 2670 Tertia
380 2604 459 2688 legis
473 2612 549 2671 nota
569 2607 617 2671 vel
631 2607 787 2682 conditio,
814 2613 861 2673 est
881 2607 1118 2670 universalitas:
1143 2619 1224 2687 atrae

100 2691 224 2773 duplex
239 2697 299 2768 est,
312 2711 362 2758 ras
378 2699 411 2758 et
427 2712 580 2776 personas
599 2697 778 2761 continens.
795 2696 826 2761 1.
840 2698 914 2762 lies.
926 2695 1016 2763 Nihil
1030 2694 1128 2769 enim,
1142 2694 1226 2776 quod

100 2781 147 2845 sit
155 2786 281 2848 rectum
292 2786 324 2848 et
333 2788 489 2860 sanctum,
505 2788 635 2849 naturae
647 2785 847 2866 originaliter
862 2789 967 2850 rectae
978 2787 1011 2848 et
1023 2787 1149 2849 sanctae
1161 2800 1226 2846 non
1248 2797 1251 2802 ’

99 2887 281 2952 congruere
293 2876 409 2954 potest.
418 2874 488 2938 lma
500 2872 610 2938 eadem
622 2877 733 2938 natura
747 2874 868 2947 «mobis
877 2877 968 2939 notas
979 2890 1030 2936 res
1041 2871 1149 2946 efficit,
1160 2877 1228 2935 aas·

100 2977 165 3048 qua¹
178 2958 214 3023 in
227 2959 343 3024 animis
359 2962 476 3028 nostris
491 2962 660 3038 inchoavit,
670 2966 707 3027 ut
719 2962 852 3028 bonesta
868 2963 902 3027 in
918 2961 1037 3029 virtute
1052 2964 1225 3042 ponantur,

103 3049 141 3112 in
157 3047 248 3115 vitiis
264 3050 372 3130 turpia
379 3047 424 3133 2).
438 3074 455 3114 u
474 3050 692 3122 audomar
706 3069 867 3132 personae,
878 3052 947 3115 loca
958 3053 991 3116 et
999 3053 1159 3131 tempora,
1176 3049 1228 3112 lex
1287 3048 1314 3125 t)
1341 3052 1382 3112 ld.
1401 3073 1408 3124 ,
1433 3056 1477 3111 De

105 3137 263 3202 naturalis
279 3138 474 3206 extenditur.
494 3138 658 3204 «Etenim
676 3140 771 3216 ratio,
797 3157 858 3220 qua
874 3156 936 3202 una
951 3139 1147 3218 praestamus
1162 3136 1229 3200 bel-
1249 3129 1336 3204 Lep,
1353 3129 1376 3203 ¹,
1393 3130 1436 3186 ¹⁶·

28 3242 33 3251 ’
102 3226 180 3302 luis,
199 3244 260 3308 per
274 3245 369 3309 quam
383 3230 564 3294 coniectura
587 3228 737 3304 valemus,
755 3231 1024 3308 argumentamur,
1041 3223 1227 3300 refellimus,
1249 3309 1252 3316 Ι

105 3316 305 3390 disserimus,
330 3317 522 3382 conficimus
536 3315 668 3398 aliquid,
686 3315 912 3391 concludimus,
931 3321 1010 3379 eerte
1032 3321 1076 3380 est
1091 3329 1230 3378 comma·

107 3405 173 3469 rtis:
197 3404 344 3478 doctrina
366 3404 528 3480 different,
546 3403 686 3470 discendi
702 3405 829 3488 quidem
844 3404 995 3470 facultate
1009 3420 1080 3487 par.
1097 3402 1180 3469 Nam
1196 3406 1230 3467 et

107 3492 254 3564 sensibus
268 3493 377 3558 eadem
386 3495 494 3560 omnia
502 3489 826 3576 comprehenduntur,
840 3498 874 3560 et
885 3512 923 3559 ea
933 3509 1014 3576 quae
1024 3494 1231 3558 moventsen·

107 3599 174 3658 sus,
197 3582 462 3651 itidemimovent
478 3583 634 3649 omnium:
659 3601 798 3665 quaeqae
820 3583 856 3647 ire
870 3583 987 3647 areimis
1002 3581 1231 3662 imprimuntur

108 3673 276 3736 inchoatae
291 3672 522 3754 intelligentiae,
541 3672 684 3738 similiter
700 3673 735 3735 in
749 3672 850 3736 omnia
866 3665 1106 3752 imprimebat).
1125 3691 1141 3730 n
1161 3667 1231 3747 Qua
1293 3668 1319 3744 a)
1334 3668 1420 3745 ibid,
1436 3667 1479 3724 lo.

110 3758 278 3826 Ciceronis
292 3760 566 3842 argumentatione
580 3759 735 3825 refellitur
750 3753 984 3842 Monte'sqaieu‚
1000 3757 1094 3832 aeris,
1113 3760 1232 3822 terrae-

111 3865 173 3930 que
199 3847 406 3915 varietatibus
425 3847 522 3913 nimis
543 3848 721 3930 indulgens:
743 3865 834 3929 quae,
857 3852 1027 3929 utcumque
1050 3845 1084 3909 in
1104 3843 1234 3910 affectus

112 3937 263 4012 influant,
279 3937 529 4004 substantialiter
542 3956 604 4004 non
619 3937 767 4003 scindunt
778 3935 812 4000 in
824 3935 945 4002 diversa
960 3935 1131 4001 humanam
1143 3936 1235 3998 natu-

113 4043 197 4102 ram,
217 4026 308 4090 cuius
326 4027 433 4092 omnia
448 4027 590 4094 membra
601 4027 742 4096 eiusdem
758 4024 837 4090 iuris
848 4025 1001 4104 societate
1015 4022 1233 4100 continentur.

180 4116 244 4180 XI.
262 4113 384 4194 Quarta
400 4115 479 4196 legis
495 4119 584 4189 nota,
602 4114 850 4180 immutabiliter.
864 4114 963 4194 Leges
978 4129 1055 4194 pure
1066 4111 1234 4184 humanae,

113 4221 213 4284 quum
224 4209 369 4285 spectent
380 4204 521 4282 bominis
532 4203 750 4280 accidentalia,
764 4221 835 4267 cum
843 4202 907 4266 illis
915 4203 1137 4266 immutantur.
1151 4199 1238 4269 lassa

113 4308 191 4357 vero
205 4297 352 4368 naturae,
379 4311 477 4377 quum
488 4292 695 4362 substantiam
710 4291 850 4358 hominis
864 4291 989 4374 penitus
1005 4287 1157 4363 afficiant,
1175 4287 1238 4352 nisi

113 4384 239 4452 mutata
256 4385 382 4458 natura,
401 4401 562 4473 nunquam
578 4383 796 4448 mutabuntur:
814 4380 869 4446 illa
881 4383 987 4444 autem
998 4379 1174 4466 absumpta,
1185 4376 1240 4440 ad-

112 4468 176 4534 buc
192 4469 228 4534 in
244 4469 369 4536 ratione
385 4476 514 4538 aeterna
525 4471 710 4548 manebunt,
728 4471 817 4536 cuius
831 4469 941 4536 eadem
953 4469 1036 4533 iussa
1052 4469 1125 4533 sunt
1136 4464 1240 4529 forma

64 4593 68 4602 ·
114 4563 147 4624 et
160 4558 302 4629 conditio
315 4559 516 4628 indeficiens.⁴
527 4559 747 4637 UndeGicera
765 4565 801 4628 ut
813 4559 906 4635 solet,
921 4557 1058 4623 dilucide
1069 4557 1163 4637 atque
1175 4553 1240 4617 ele-
