3228 5280
443 303 508 370 31⁰
884 311 1044 362 nrnnnnr.

400 467 486 533 mnia
502 464 642 530 retinere
658 467 741 532 vota.
752 457 843 521 bouis
857 457 954 522 sacris
965 458 998 522 in
1011 477 1115 524 sacros
1132 461 1211 524 boas
1223 461 1268 526 uti
1284 482 1363 527 non
1378 465 1525 532 liceatlli

401 575 440 622 „e
456 553 615 620 liberales?
631 552 761 620 Contra,
772 545 878 616 Status
890 549 1084 623 autonomia,
1096 550 1155 612 nisi
1172 550 1331 616 Titanum
1342 554 1413 629 sit,
1422 574 1478 620 suo
1486 576 1527 619 or-

400 646 466 710 bite
482 647 658 716 exercetur,
676 641 745 704 iura
761 633 879 708 divina,
898 634 980 716 leges
992 642 1024 701 et
1040 644 1131 717 pacta
1145 645 1332 706 veneratur.
1355 643 1527 708 Proteetio

401 751 485 804 nem,
503 747 582 812 quae
597 728 679 794 nihil
694 727 786 792 aneu
801 728 928 803 praeter
943 726 1122 791 vexationes
1134 730 1527 810 elexpoliationes,uatu

399 820 475 885 ralis
491 837 596 884 seusus
611 822 788 883 execratur.
802 811 917 877 Latens
934 830 1004 878 vere
1016 811 1291 897 protestantisinus
1306 821 1373 900 qui
1388 821 1527 902 cuiusque

402 907 541 972 nominis'
553 907 703 972 sectarios
716 901 871 967 libertatis
883 905 1012 966 nomine
1026 904 1240 984 amplectitur,
1253 906 1351 971 solos
1364 914 1478 974 autem
1488 929 1529 974 ca-

401 996 538 1062 tholicos
552 995 585 1058 in
601 994 755 1060 catholica
771 989 902 1070 regione
914 991 1003 1072 angit
1018 1008 1055 1056 ac
1066 993 1182 1069 caedit,
1196 995 1363 1078 explicita
1378 999 1527 1080 apostasia

402 1085 497 1151 vilior
511 1088 570 1156 est,
590 1080 797 1164 periculosior
813 1095 848 1142 ac
861 1078 994 1143 foedior.
1149 1098 1152 1103 ·
1231 1126 1234 1130 .

501 1173 593 1238 Xlll.
611 1168 774 1237 Recensiti
790 1183 923 1245 errores,
945 1168 1013 1232 iura
1029 1169 1152 1233 scilicet
1163 1175 1371 1255 proteqendi,
1392 1177 1526 1250 cavendi,

403 1256 1528 1342 inspiciebatsutoentendt,atotnndtslutusdeniqueontonomta,sire

405 1350 499 1416 nullis
514 1349 669 1414 limitibus
684 1345 921 1427 circumscripta
937 1347 1108 1412 auctoritas
1123 1352 1218 1431 atque
1233 1349 1389 1426 libertas,
1411 1354 1451 1417 ad
1467 1353 1528 1416 reli-

405 1439 509 1521 giouis
523 1443 753 1521 contemptum,
771 1438 805 1498 et
818 1433 924 1499 Status
935 1435 1125 1500 atheismum
1138 1453 1194 1500 nos
1209 1439 1458 1519 perduxerunt.
1472 1442 1527 1506 Nec

405 1529 491 1593 iuvat
505 1529 623 1602 dicere,
634 1531 750 1592 statum
762 1523 905 1588 omnium
917 1525 1057 1589 cultuum
1069 1542 1135 1588 esse
1146 1525 1366 1606 defensorem,
1380 1536 1417 1594 et
1430 1547 1527 1594 conse

405 1623 538 1701 quanter
554 1617 673 1698 nullum
688 1631 721 1678 se
736 1612 881 1694 profiteri
897 1629 987 1694 posse
1003 1611 1051 1677 'vel
1066 1610 1197 1679 debere:¹
1208 1616 1261 1698 qni
1274 1634 1352 1682 rem
1376 1619 1526 1700 publicam

405 1705 641 1778 administrant,
658 1708 699 1768 ut
712 1701 826 1784 privati
842 1701 937 1776 cives,
957 1701 1113 1782 religione
1129 1709 1307 1780 teneantur;
1328 1706 1448 1772 Status
1463 1723 1525 1770 vero

405 1792 805 1876 aquacumqueabslineat.
816 1789 956 1854 Petimus
965 1791 1050 1854 enim
1059 1808 1099 1854 an
1109 1791 1280 1875 quidquam
1288 1795 1526 1874 peiorisexem

406 1883 452 1963 pii
468 1883 586 1948 civibus
601 1882 655 1954 sit,
673 1880 775 1966 Statui
791 1884 896 1943 antem
917 1879 1140 1954 miserabilius,
1164 1898 1258 1961 quam
1274 1883 1351 1946 illos
1370 1885 1462 1948 nullo
1478 1901 1524 1962 pu-

405 1971 488 2035 blico
504 1969 669 2052 religionis
684 1968 826 2051 exemplo
841 1967 1134 2049 permoveri,'bunc
1149 1974 1255 2034 autern
1268 1973 1351 2035 nulli
1365 1971 1523 2036 communi

405 2059 569 2140 religionis
592 2059 695 2140 signo,
713 2075 758 2130 se,
778 2057 872 2137 leges,
893 2061 963 2121 acta
987 2058 1036 2122 vel
1052 2057 1188 2139 gerenda
1205 2060 1335 2140 negotia
1355 2058 1521 2126 Divinilati

405 2147 638 2213 commendare.
655 2147 747 2211 Nova
759 2145 848 2218 baec,
866 2163 1080 2228 novorumque
1095 2145 1259 2210 hominum
1276 2150 1431 2228 politica,
1449 2153 1522 2213 vele

407 2237 493 2301 ribus
506 2253 580 2299 sane
589 2233 735 2299 omnibus
744 2233 896 2299 inaudita.
907 2235 1048 2309 Graecis,
1058 2236 1220 2310 Romanis,
1229 2236 1382 2320 aliisque,
1392 2239 1518 2320 primun

407 2324 535 2407 imperii
551 2324 646 2388 robur
660 2321 783 2403 religio.
804 2322 956 2388 Romanis
971 2324 1159 2407 praesertim
1174 2326 1261 2388 nulla
1272 2333 1343 2391 erat
1361 2327 1518 2392 bominum

409 2419 506 2485 aetas,
519 2413 603 2477 nulla
619 2411 773 2485 conditio,
792 2411 877 2478 nulla
894 2412 959 2476 iere
970 2414 1055 2478 actio
1069 2413 1191 2496 privata
1208 2414 1254 2477 vel
1270 2415 1415 2497 publica,
1429 2414 1517 2478 nullus

410 2502 492 2567 vitae
504 2520 636 2584 gressus,
650 2501 761 2582 quibus
774 2518 836 2564 non
848 2507 1029 2583 praeesseta
1041 2502 1170 2566 numine
1182 2503 1317 2568 Deorum
1333 2509 1442 2568 tracta
1456 2501 1517 2566 reli·

409 2591 475 2673 gio.
496 2612 513 2652 u
532 2591 706 2658 Maximum
724 2596 756 2654 et
767 2590 1070 2670 praestantissimum
1083 2590 1117 2654 in
1133 2591 1292 2671 republica
1304 2593 1355 2656 ius
1368 2599 1419 2658 est
1434 2608 1517 2672 angra

408 2698 490 2759 rum,
511 2684 630 2746 etcum
646 2679 833 2745 auctoritate
848 2679 1061 2753 coniunctum,
1082 2702 1099 2741 n
1116 2681 1225 2744 scribit
1241 2678 1367 2756 Cicero,
1386 2683 1460 2764 quia
1471 2697 1515 2743 au

409 2788 522 2852 gurum
536 2770 662 2834 oracula
677 2773 713 2833 ut
728 2769 868 2833 Deorum
882 2768 1088 2833 habebantur.
1111 2789 1128 2827 «
1146 2769 1256 2853 Neque
1269 2787 1359 2846 vero,
1370 2773 1440 2836 boc
1454 2784 1515 2851 pro·

410 2859 564 2940 sequitur,
575 2861 649 2942 quia
664 2858 732 2938 ipse
748 2873 848 2936 augur
863 2857 908 2922 ita
920 2857 1035 2935 sentio,
1048 2858 1102 2921 sed
1117 2858 1191 2938 quia
1207 2859 1251 2921 sic
1266 2860 1451 2924 existimare
1465 2871 1512 2919 nos

410 2966 530 3012 necesse
546 2955 600 3012 est.
614 2970 631 3010 n
648 2947 793 3020 Necesse,
808 2945 936 3028 inquam
951 2951 1010 3011 est:
1029 2946 1156 3010 extollit
1171 2945 1255 3010 enim
1271 2947 1354 3011 vires
1372 2950 1449 3014 fides
1464 2960 1513 3023 pu·

409 3036 491 3101 blica
507 3037 540 3100 in
560 3035 780 3109 Divinitatem;
799 3035 924 3114 auguris
939 3035 1076 3109 decreto,
1093 3033 1183 3119 quasi
1205 3035 1350 3100 ductante
1367 3033 1506 3104 Numine,

410 3125 544 3191 ruebant
556 3125 675 3190 milites
687 3126 697 3188 i
702 3144 720 3188 n
734 3123 827 3197 bello,
836 3128 869 3189 at
882 3124 1059 3190 vincebant.
1069 3123 1332 3206 Superstitionem
1344 3126 1452 3189 rident
1461 3139 1509 3184 no-

408 3213 480 3278 stri.
498 3216 587 3280 Esto:
606 3215 660 3279 sed
671 3213 746 3296 quid
761 3213 869 3278 utilius
883 3214 1019 3288 civitati,
1036 3212 1221 3295 superstitio
1236 3230 1276 3276 an
1294 3213 1380 3278 nulla
1392 3207 1508 3292 religio?

408 3300 594 3384 Ciceronem
606 3304 735 3368 audiant
746 3303 941 3367 sacerdotum
953 3303 1022 3366 iura
1034 3307 1067 3367 et
1080 3302 1143 3367 vim
1155 3301 1399 3368 exscribenlem:
1411 3295 1506 3379 «Quid

409 3391 495 3456 enirn
507 3391 1397 3475 maius,sideiurequaerimus(sacerdotum),quamposse
1409 3403 1504 3455 asurn·

409 3480 470 3544 mis
485 3481 629 3562 imperiis
644 3486 677 3547 et
692 3482 824 3546 summis
838 3480 1045 3564 potestatibus
1060 3480 1245 3546 comitiatus
1258 3485 1291 3545 et
1306 3481 1450 3551 concilia,
1465 3471 1503 3538 rel

408 3568 554 3636 instituta
576 3570 751 3643 dimittere,
769 3571 815 3636 vel
831 3569 938 3634 habita
958 3569 1159 3641 rescindere?
1174 3569 1258 3648 Quid
1273 3570 1409 3650 gravius,
1425 3577 1502 3650 quam

409 3746 623 3827 gnificentius,
641 3765 735 3831 quam
759 3766 850 3829 posse
865 3749 1047 3822 decernere,
1072 3752 1109 3812 ul
1123 3747 1310 3828 magistratu
1324 3765 1358 3811 se
1371 3741 1502 3837 abdicent

409 3834 567 3899 consules?
576 3835 659 3914 Quid
676 3837 865 3918 religiosius,
875 3854 969 3918 quam
981 3854 1052 3901 curn
1067 3837 1198 3919 populo,
1208 3827 1501 3918 cumplebe,.agend¹

408 3923 458 3988 ius
474 3928 528 3988 aut
542 3924 687 4001 dare,aut
703 3944 765 3990 non
781 3927 871 3991 dare‘l
883 3925 978 4004 Quid,
996 3926 1109 4008 legem,
1127 3926 1155 3990 si
1171 3943 1234 3989 non
1250 3925 1320 3988 iure
1335 3929 1443 4006 rogata
1452 3921 1500 3986 eal.

409 4010 537 4079 tollere?
554 4018 589 4078 ul
603 4013 721 4077 Titiam
744 4015 872 4081 decreto
888 4014 1028 4094 collegii;
1045 4020 1081 4080 ut
1095 4014 1212 4090 Livias,
1230 4013 1365 4078 consilio
1380 4002 1500 4089 Philippi

238 4179 243 4192 ,
409 4101 546 4168 consulis
562 4102 745 4182 clangoris.
763 4103 851 4170 Nihil
868 4103 966 4176 dorni,
986 4102 1065 4169 nibil
1079 4104 1169 4178 loris,
1180 4122 1239 4186 per
1254 4103 1451 4184 magistratus
1460 4111 1501 4176 ge·

181 4181 204 4254 ll
215 4178 388 4258 &timeto
409 4198 506 4268 stum,
523 4193 592 4257 sine
606 4209 716 4256 eorum
731 4192 920 4257 auctoritate
931 4210 1019 4274 posse
1034 4193 1180 4274 cuiquam
1196 4192 1337 4275 probarit
1351 4190 1392 4276 l).
1412 4213 1427 4253 a

165 4254 214 4328 ¹¹¹²
232 4259 274 4314 ¹²·
499 4281 589 4372 XIV.
601 4277 662 4347 En!
673 4281 772 4355 Tunc,
783 4298 854 4346 vera
866 4283 1012 4348 exulante
1022 4281 1364 4364 religione‚bominntn
1377 4284 1500 4345 naturam

411 4369 531 4455 optime
546 4372 793 4454 interpretantes
804 4388 908 4434 rerum
922 4369 1118 4456 publicarum
1129 4372 1353 4443 moderatores,
1364 4370 1501 4434 seltener

412 4461 488 4524 falsa
506 4460 612 4525 omnia
628 4460 878 4543 auspicabantur:
897 4477 979 4524 nunc
996 4478 1125 4526 vesanus
1139 4461 1229 4525 iuror
1245 4475 1349 4524 veram
1364 4451 1499 4540 expedite

413 4548 544 4630 legibus,
555 4568 572 4616 e
582 4549 723 4628 Statu,ut
735 4549 904 4615 faciliusex
915 4549 1140 4632 imperantium
1153 4549 1403 4632 populorumque
1414 4543 1500 4611 mente.
