3228 5280
874 300 968 350 ttttsa
984 301 1030 350 ΙΙΙ.

785 515 845 606 Ti
862 532 891 607 T
908 532 938 608 U
956 531 1028 606 LU
1045 532 1070 606 S
1096 529 1155 606 ttt.

482 723 569 792 unna
585 725 726 776 namuro
740 726 783 774 nr
797 725 1010 778 cousrrrurro
1024 725 1201 776 sccnnsrsn
1219 725 1265 774 au
1281 725 1473 776 suumomni.

492 883 515 937 l.
530 883 706 940 bistinctinoe
716 885 810 941 Status
819 884 992 951 abEcciesia
1006 884 1157 942 animarum
1168 884 1308 954 captivitas
1318 884 1533 940 dissolvebatur

418 958 453 1012 ll.
469 957 622 1045 spiritualis
633 960 772 1016 servitutis
792 968 819 1018 et
833 959 966 1017 libertatis
978 961 1113 1032 dogmata.
1129 959 1177 1014 ill.
1192 959 1265 1015 Nora
1278 960 1442 1031 captivitas,
1459 959 1534 1015 liber-

417 1033 481 1088 tatis
497 1035 601 1089 nomine
615 1035 730 1091 inrecta.
749 1035 792 1092 lV.
807 1034 977 1107 Repellttur
970 1051 1026 1092 rure
1040 1034 1170 1091 libertatus
1181 1040 1210 1089 et
1223 1035 1390 1092 natiuitatis
1404 1037 1441 1090 V.
1454 1037 1535 1102 Quae·

419 1109 516 1164 atronis
528 1108 628 1177 duplex
642 1110 797 1167 methodus:
808 1109 1043 1179 rotioanltsts'co,
1054 1125 1146 1166 emma
1158 1101 1322 1180 dissolvens
1334 1111 1385 1166 Vl.
1396 1115 1533 1183 position,

418 1198 452 1240 ex
468 1183 546 1239 iactis
559 1182 699 1242 Ecclesiae
712 1187 930 1242 constitutionem
945 1185 1071 1242 intereos.
1086 1185 1145 1242 Vll.
1159 1185 1216 1240 Rae
1230 1198 1310 1240 verus
1324 1187 1411 1246 Deus
1420 1184 1533 1241 mediam

421 1258 448 1314 in
462 1252 619 1334 societatem
634 1260 815 1318 reuocandus.
824 1261 895 1318 Vlll.
904 1261 1089 1318 Sacerdotium
1102 1267 1131 1316 et
1145 1260 1290 1330 imperium
1303 1275 1337 1315 ea
1353 1261 1419 1315 iure
1431 1259 1534 1330 publico

421 1334 597 1390 iustinianeo
614 1335 661 1390 ΙΧ.
675 1335 737 1392 Ex
731 1351 787 1392 ture
801 1336 881 1392 medii
896 1338 964 1392 aeri.
980 1335 1014 1390 Χ.
1026 1336 1118 1392 llutua
1131 1335 1186 1391 rice
1198 1335 1223 1391 in
1235 1333 1456 1390 necessitatibus
1470 1335 1533 1390 tore·

420 1408 532 1466 bantur
546 1409 594 1465 Xl.
604 1411 761 1481 llincordo;
771 1412 832 1468 Xll.
849 1410 971 1479 libertas·
980 1411 1053 1466 Xlll.
1067 1417 1095 1465 et
1108 1409 1191 1465 salus:
1201 1425 1253 1466 nec
1268 1410 1533 1482 inquisitionestan·

423 1492 512 1542 ratur.
527 1484 596 1542 XlV.
611 1485 685 1572 Ergo
698 1487 746 1543 dt
740 1489 804 1542 turis
820 1485 921 1556 publici
934 1484 1079 1542 eoncordia
1092 1483 1229 1542 Ecclesiae
1243 1501 1307 1541 oum
1322 1485 1463 1555 imperio.
1480 1483 1528 1540 XV

419 1559 602 1617 Democratioa
616 1562 747 1632 regimina
766 1561 858 1618 maiori
873 1561 993 1634 indigent
1006 1560 1114 1630 virtute
1128 1566 1157 1615 et
1175 1559 1335 1631 religionem
1355 1559 1529 1645 oppugnanti

419 1634 488 1765 [XVI.
504 1635 670 1767 Cougordiae
683 1638 972 1695 servandaeoauones
985 1635 1071 1694 XVll.
1085 1635 1205 1707 Tempus
1217 1642 1270 1710 est,
1286 1643 1317 1693 ut
1331 1635 1479 1692 hominis
1473 1649 1530 1690 rurr-

438 1726 470 1765 us
482 1725 563 1767 succe
584 1717 631 1766 ant
643 1726 701 1768 tura
713 1711 768 1768 uer.

521 1876 549 1940 1.
566 1875 688 1941 Saeculi
704 1875 796 1940 huius
811 1876 1019 1958 imperatores
1034 1875 1220 1958 corporibus
1232 1875 1467 1956 animabusque
1480 1873 1528 1936 do

418 1962 632 2038 minabantur,
642 1981 714 2027 cum
730 1982 770 2032 ex
781 1964 957 2029 Palaestina
966 1967 1101 2030 Romam
1117 1964 1173 2028 itta
1187 1965 1398 2030 advenerunt·
1408 1963 1528 2028 Reddite

416 2070 497 2132 quoe
518 2061 591 2114 sunt
608 2051 755 2118 Caesaris
773 2052 1057 2133 Caesarianum
1079 2063 1152 2116 sunt
1168 2051 1228 2116 liei
1242 2051 1321 2115 Deo.
1340 2053 1428 2118 lrati
1446 2049 1528 2115 rebe

418 2144 542 2203 menter
556 2137 714 2217 Caesares,
733 2142 821 2225 quod
832 2142 911 2206 coeli
927 2143 1103 2223 imperator
1117 2140 1181 2205 illis
1192 2159 1299 2204 rerum
1315 2139 1525 2204 materialium

416 2221 674 2309 gubernationem
681 2230 875 2312 relinquens
882 2230 1128 2294 sibranrmarum
1137 2233 1169 2293 et
1177 2228 1367 2310 religionis
1356 2227 1525 2309 imperium

417 2315 602 2380 vindicaret.
605 2317 715 2382 Trium
723 2321 917 2383 saeculorum
926 2319 1034 2392 coedes
1043 2318 1200 2381 nondum
1191 2335 1342 2382 anrurram
1349 2317 1522 2380 abluerant

416 2403 550 2468 Romani
568 2404 776 2484 imperatores
791 2408 913 2472 caelum
925 2407 991 2472 beo
1002 2407 1231 2488 relinquentes,
1248 2412 1423 2478 terrarum,
1439 2410 1471 2468 et
1484 2420 1525 2464 re-

417 2496 600 2573 rumorque
615 2493 780 2560 bominum
794 2496 848 2577 qui
865 2496 897 2559 in
911 2500 997 2560 terra
1012 2498 1097 2572 sunt,
1107 2495 1168 2558 sibi
1180 2495 1415 2576 adscripserant
1427 2491 1521 2556 domi-

417 2586 538 2645 natum.
548 2582 722 2646 Temeritas
738 2584 771 2648 in
788 2584 828 2648 iis
839 2583 1073 2666 reviviscit,qui
1087 2583 1274 2660 Ecclesiam,
1287 2582 1431 2646 divinam
1445 2596 1523 2643 neni·

415 2686 454 2750 pe
470 2668 585 2732 civium
597 2687 669 2733 cum
681 2672 856 2753 pastoribus
867 2672 1065 2746 societatem,
1075 2671 1214 2736 humano
1225 2677 1375 2736 coercent
1386 2669 1521 2734 domina·

416 2765 463 2822 tu.
482 2759 629 2823 lactant
620 2777 679 2840 rpsr
670 2759 885 2826 libertatem.
894 2761 1036 2825 Verbum
1053 2760 1257 2841 explicemus:
1265 2778 1293 2822 ιι
1284 2759 1464 2824 libertatis
1476 2773 1523 2817 ιιο-

415 2847 503 2909 mine
517 2846 565 2908 ius
581 2846 762 2929 intelligant
777 2867 810 2914 se
825 2850 863 2913 ab
878 2849 1016 2912 humano
1030 2854 1063 2913 et
1075 2848 1184 2911 divino
1192 2865 1325 2950 quoque
1337 2848 1409 2912 iure
1422 2861 1519 2949 eman

415 3021 489 3086 bere
501 3024 625 3104 agendi
634 3043 698 3088 nou
710 3026 822 3090 leviter
833 3026 1046 3106 desrpruntrta
1058 3025 1296 3089 ratiocinantes
1306 3023 1516 3089 Libertatise-

415 3111 699 3194 nimpublicaeius,
710 3114 946 3179 servrtutrsrure
953 3118 1154 3187 successerat,
1164 3131 1259 3197 quum
1269 3113 1347 3177 Dei
1337 3113 1513 3194 imperium,

412 3217 507 3281 super
522 3197 688 3264 Caesarum
704 3207 736 3265 et
752 3202 859 3268 Status
874 3202 1042 3283 imperium
1054 3203 1313 3266 constituebatur.

503 3290 546 3352 ll.
565 3291 698 3365 Revera,
716 3291 1012 3374 antiquaeetnovae
1024 3288 1512 3370 servitutisdogmatahaecsunt:

415 3374 582 3442 Caesarem
596 3380 710 3453 odore·
724 3378 848 3443 &mum
862 3381 974 3444 adom
993 3377 1055 3450 Sed
1070 3379 1145 3460 quid
1167 3378 1293 3452 Status,=
1306 3383 1434 3442 terrena
1449 3377 1513 3440 baec

413 3463 575 3539 divinitas,
593 3484 673 3549 quae
689 3468 832 3534 caelestis
847 3466 1033 3533 Divinitatis
1049 3466 1119 3530 iura
1134 3475 1182 3531 est
1197 3463 1445 3547 ingressa‘t0lim
1456 3463 1513 3526 erat

412 3552 575 3634 despotica
590 3555 748 3620 interdum
764 3555 960 3621 monarchia·
976 3573 1058 3619 nunc
1074 3560 1121 3620 est
1137 3556 1315 3638 manipulus
1326 3553 1455 3637 quidam
1471 3566 1515 3612 no

414 3641 699 3708 vorumbcminum
703 3643 1513 3726 ‚quiromanorumCaesarumarrogantiamimitan-
1584 3645 1585 3660 ¹

413 3734 467 3793 tur
484 3731 531 3794 uel
542 3734 863 3814 praetergrediuntur.
881 3733 1061 3816 Respondet
1075 3731 1231 3805 Libertas
1248 3732 1390 3796 ditinum
1407 3727 1513 3794 scilicet

414 3817 474 3879 ius:
487 3815 608 3880 Statum
621 3839 686 3884 eon
701 3824 852 3898 odoratum·
867 3839 946 3903 quoe
962 3819 1067 3885 Stotm
1082 3819 1264 3884 suntStetui
1267 3839 1367 3902 quoe
1378 3819 1440 3885 Dei
1448 3817 1509 3882 tta

414 3901 473 3968 Dei
489 3906 620 3968 autern
611 3925 681 3971 rura
696 3909 880 3976 immediate
895 3910 1005 3976 delinit
1020 3915 1055 3974 et
1066 3909 1246 3992 promulgat
1261 3909 1414 3976 Ecclesia

504 3993 563 4059 lll.
581 3995 758 4061 Maximum
770 4017 845 4078 ergo
858 3999 1016 4064 libertatis
1028 3998 1172 4079 publicae
1184 3998 1437 4072 tundamentum
1446 3989 1512 4059 disi·

414 4099 472 4146 nae
488 4081 647 4147 Ecclesiae
663 4085 851 4170 iurisdictio,
862 4104 879 4148 a
894 4085 963 4150 Sta
950 4087 1225 4168 tuindependens.
1236 4087 1319 4150 llaec
1330 4084 1460 4150 libertas
1469 4093 1512 4163 pet

413 4171 557 4236 omnium
572 4171 711 4236 fidelium
724 4191 839 4255 corpus
855 4172 1054 4246 diffunditur,
1065 4193 1161 4257 quum
1177 4175 1221 4239 sit
1233 4172 1375 4240 Ecclesia
1390 4173 1513 4256 fidetium

413 4263 555 4335 societas,
572 4261 715 4365 tepitimis
729 4263 896 4340 coniuncta
909 4264 1200 4344 posteritatemque
1212 4264 1247 4326 ia
1259 4262 1511 4342 primisliomom

413 4349 687 4434 Pontifici‚omoia
701 4369 781 4432 quae
798 4351 856 4416 Dei
874 4353 1093 4426 centimanum
1108 4361 1199 4434 atque
1215 4361 1358 4428 esterna,
1372 4357 1511 4431 peroptat

413 4440 448 4502 in
464 4441 569 4505 terris.
580 4437 723 4506 Christus
740 4439 798 4504 bae
814 4459 871 4506 nos
886 4441 1032 4506 libertate
1047 4441 1189 4507 donavit.
1200 4441 1392 4522 Obstrepant
1408 4445 1512 4504 veteres

414 4530 462 4592 ret
479 4528 566 4605 nom
577 4529 841 4612 respondebimus:
851 4531 960 4614 Neque
976 4527 1142 4596 Caesarem
1160 4548 1259 4614 neque
1277 4529 1400 4596 Statum
1413 4528 1511 4594 adora
