3228 5280
429 339 494 406 320
865 350 959 398 trouu
974 350 1022 400 nr.

387 506 455 572 nim
470 501 592 584 legibus
606 502 660 564 ant
673 498 780 572 iactis,
790 494 941 579 explicita
956 496 1001 562 vel
1016 496 1186 578 implicita,
1200 499 1358 579 generalis
1374 502 1425 565 vel
1440 517 1513 582 par-

389 593 530 662 ticularis
544 587 737 654 Pontificum
760 586 883 650 sanctio
899 592 1081 651 accesserat.
1100 589 1251 668 Magnum
1274 589 1321 652 rei
1337 590 1513 653 documen·

390 690 459 750 tum
471 685 558 746 extat
569 677 663 742 initio
672 674 809 748 Codicis,
818 673 872 738 ubi
879 676 1057 739 Romanum
1068 676 1257 742 Pontificem
1269 677 1450 760 alloquitur
1461 679 1513 742 lu-

389 773 582 840 stinianuscn
594 765 793 845 Quumrecta
808 769 903 846 atque
912 762 1200 845 irreprehensibilis
1210 766 1400 841 fidesounnr
1411 783 1513 832 nnan-

390 871 625 928 nrcnrsnrvcrn
637 869 693 920 unt
704 866 889 920 carnotina
902 868 945 916 nr
954 868 1155 920 nrosrotrcn
1164 872 1333 930 nccrnsm,
1344 856 1436 920 nullo
1446 873 1514 919 mo

390 942 895 1026 doinnovationemrecipiat3nos
904 945 1260 1022 sequentessanctorum
1270 944 1512 1027 Apostolorum,

392 1044 426 1104 et
442 1051 552 1101 eorum
575 1032 630 1115 qui
646 1037 717 1115 post
733 1049 787 1095 eos
809 1031 844 1093 in
865 1030 983 1095 sanctis
998 1029 1058 1095 Dei
1073 1031 1213 1096 ecclesiis
1229 1034 1411 1098 conversati
1427 1038 1514 1108 sunt,

393 1127 554 1208 dogmata,
572 1123 691 1186 iustum
706 1121 776 1190 lore
791 1116 1053 1193 existimavimus,
1070 1121 1191 1184 cunctis
1207 1120 1414 1187 manifestum
1432 1123 1515 1186 lace-

392 1235 439 1288 re,
457 1213 594 1296 qualiter
609 1210 648 1273 de
664 1209 725 1272 fide
741 1207 869 1290 quaein
885 1206 977 1270 nobis
991 1212 1039 1273 est
1055 1209 1239 1283 sentiamus,
1254 1227 1470 1278 rnsrsrnnrus
1485 1214 1516 1274 et

393 1304 599 1369 adhaerentes
611 1298 778 1364 traditioni
790 1300 821 1360 et
828 1294 1018 1360 confessioni
1031 1302 1157 1368 sanctae
1165 1298 1223 1376 Dei
1232 1298 1393 1363 Ecclesiae
1404 1299 1516 1364 cattio-

154 1412 372 1489 tiliblpitlp.
394 1394 473 1459 licae
491 1389 532 1473 1).
553 1388 657 1454 »Non
674 1388 783 1451 doctor
798 1385 852 1448 sed
867 1384 1000 1457 discens,
1020 1403 1081 1449 non
1099 1385 1256 1471 imperans
1271 1387 1325 1452 sed
1339 1389 1516 1472 obsequens

395 1483 492 1554 lilius,
511 1476 714 1560 prosequitur
728 1473 933 1540 lustinianus:
946 1493 963 1532 v
974 1475 1152 1541 Reddentes
1167 1475 1322 1540 honorem
1338 1492 1518 1544 neosronv·

395 1589 461 1638 nnn
477 1583 550 1634 sum
568 1582 609 1630 nv
625 1579 773 1630 vnsrnnn
790 1578 984 1626 snncrrrnrr
999 1560 1093 1646 (quod
1104 1581 1228 1646 semper
1241 1564 1330 1629 nobis
1345 1565 1382 1628 in
1399 1571 1478 1630 voto
1490 1571 1520 1630 ct

396 1661 457 1726 init
471 1664 503 1722 et
519 1653 597 1738 est),
615 1658 648 1717 et
664 1659 699 1718 ut
714 1669 822 1717 nncer
837 1665 971 1714 narsen
994 1669 1211 1718 nononnnrns
1227 1669 1384 1720 vnsrunar
1400 1669 1520 1718 anarr-

396 1759 559 1817 runrnunr,
576 1742 683 1806 omnia
699 1757 779 1821 quae
790 1738 829 1802 ad
845 1737 1046 1828 ecclesiarum
1061 1744 1177 1805 statum
1190 1741 1366 1822 pertinent,
1385 1741 1520 1806 testina-

399 1839 498 1902 vimus
513 1834 552 1897 ad
569 1832 718 1898 notitiam
733 1828 856 1891 deterre
872 1826 1005 1894 Vestrae
1021 1829 1248 1896 sanctitatis...
1265 1849 1345 1912 quae
1360 1837 1461 1914 caput
1477 1835 1522 1895 est

366 1909 374 1932 ‘
398 1925 541 1991 omnium
557 1927 737 1986 sanctarum
749 1915 989 1982 ecclesiarum.»
1001 1918 1232 1999 Quonamtine?
1246 1920 1432 1999 «Quoniam
1441 1937 1522 1983 sem·

400 2012 554 2097 pernobis
566 2009 628 2074 init
637 2024 784 2088 magnum
796 2005 934 2070 studium
946 2023 1119 2072 narrarunt
1132 2022 1278 2074 vesrnan
1291 2023 1520 2076 apostoncae

399 2117 502 2174 senis,
516 2106 549 2164 et
561 2103 678 2163 statum
693 2099 875 2158 sanctarum
889 2095 949 2159 Dei
962 2095 1165 2160 ecclesiarum
1180 2112 1357 2162 cusronmn
1368 2100 1438 2160 etc.
1454 2095 1520 2177 2).»

400 2188 582 2270 Respondet
597 2187 731 2250 loannes
746 2182 875 2246 laudans
890 2187 923 2248 et
934 2186 1126 2265 approbans:
1146 2205 1164 2244 n
1180 2184 1285 2264 Quod,
1303 2186 1378 2268 quia
1395 2189 1523 2268 aposto·

403 2280 482 2343 licae
493 2275 656 2340 doctrinae
668 2271 826 2345 convenit,
839 2287 965 2336 nosrnn
978 2289 1205 2339 numonrvarn
1217 2274 1444 2338 confirmamus
1457 2270 1521 2356 3)·”

403 2366 546 2433 Facultas
561 2361 791 2427 concedebatur
807 2361 974 2442 evulgandi
991 2361 1075 2443 leges
1086 2362 1125 2426 ad
1137 2361 1310 2426 Ecclesiam
1322 2362 1523 2446 pertinentes

401 2453 568 2520 harmonia
583 2452 811 2523 declarabatur,
824 2446 1064 2515 Concordatum·
1074 2450 1294 2532 peragebatur.

494 2544 553 2608 lll.
567 2541 686 2607 Eadem
703 2539 782 2602 iuris
796 2537 914 2620 publici
929 2537 1098 2619 disciplina
1114 2543 1183 2605 toto
1200 2537 1314 2603 deinde
1327 2538 1435 2603 medio
1448 2555 1523 2602 aevo

406 2633 631 2705 asservabatur;
656 2630 739 2709 leges
755 2644 841 2701 vero,
860 2643 939 2708 qnae
954 2628 1114 2693 Ecclesiae
1130 2628 1380 2702 adversarentur,
1399 2625 1524 2690 reiicie

406 2725 530 2787 bantur.
551 2719 604 2784 Sic
618 2723 730 2782 octavo
753 2715 893 2796 generali
909 2713 1055 2781 Concilio
1071 2717 1204 2781 vetitum
1225 2721 1344 2790 est,‚ne
1362 2715 1526 2796 principes

404 2816 458 2876 aut
470 2810 563 2873 duces
570 2807 685 2871 saeculi
697 2805 730 2868 in
742 2803 963 2886 episcoporum
972 2804 1178 2871 electionibus
1189 2805 1461 2877 seimmiscerent,
1473 2821 1527 2866 ne-

405 2916 441 2963 re
449 2897 611 2963 Ecclesiae
627 2895 808 2958 libertatem
823 2893 993 2975 quidquam
1007 2893 1234 2959 imminuerent
1244 2891 1289 2976 l);
1303 2891 1466 2956 Paschalis
1478 2892 1521 2966 ll,

406 2988 457 3053 vix
470 3005 487 3050 a
499 2983 659 3065 sacrilegis
669 2981 802 3048 Henrici
814 2981 860 3046 lV
872 2982 1018 3046 manibus
1029 2981 1120 3056 liber,
1136 2981 1343 3047 investiturae
1351 2979 1527 3045 concessio-

407 3095 480 3141 nem
496 3077 623 3139 revocat
638 3074 672 3137 in
687 3071 893 3141 Lateranensi
909 3069 1065 3148 Concilio,
1081 3087 1174 3151 quam
1190 3070 1395 3154 imperatoris
1408 3069 1528 3154 violen-

407 3166 453 3232 tia
465 3166 652 3237 extorserat3
666 3160 731 3224 Leo
743 3159 788 3234 X,
799 3158 863 3224 alio
874 3159 1079 3225 Lateranensi
1092 3158 1250 3234 Concilio,
1260 3159 1444 3223 Basileense
1454 3175 1529 3220 con-

408 3254 589 3320 ciliabulum
605 3250 748 3322 damnat,
766 3248 850 3330 quod
864 3247 1100 3332 Pragmaticam
1115 3246 1315 3312 Sanctionem
1326 3248 1366 3312 de
1377 3247 1528 3310 ecclesia·

407 3338 667 3421 sticadisciplina
679 3337 834 3412 ediderat,
848 3355 954 3419 quaea
966 3337 1079 3403 Carolo
1091 3337 1153 3402 llll
1166 3337 1199 3400 in
1211 3337 1349 3403 Calliam
1362 3336 1465 3411 illata,
1481 3351 1528 3397 ze-

411 3435 475 3498 lum
489 3430 541 3496 Pii
554 3431 597 3504 ll,
611 3427 695 3494 Sinti
709 3426 769 3500 IV,
787 3425 1067 3502 innocentiiVlll,
1085 3425 1258 3490 Alexandri
1273 3425 1332 3500 Vl,
1350 3431 1384 3489 et
1394 3425 1473 3489 Iulii
1484 3422 1527 3498 ll,

410 3521 613 3587 vehementer
625 3519 821 3581 exercuerat.
832 3515 894 3581 Sed
905 3515 1077 3580 universim
1089 3514 1249 3600 Ecclesiae
1260 3515 1444 3579 libertatem
1457 3530 1529 3594 pro

410 3611 510 3674 movit
520 3604 755 3679 Tridentinum3
769 3605 975 3669 Innocentius
987 3603 1034 3668 lll
1046 3605 1128 3684 leges
1141 3621 1158 3668 a
1170 3603 1368 3686 principibus
1379 3603 1414 3665 in
1426 3617 1530 3666 sacros

411 3716 547 3764 canones
560 3697 638 3760 latas
653 3693 829 3774 abrogavit;
847 3693 1062 3757 iusiurandum
1076 3693 1150 3758 fidei
1163 3693 1337 3758 catholicae
1349 3692 1529 3761 adversum,

412 3786 524 3866 Anglis
539 3783 704 3865 probibuit
718 3782 833 3847 Paulus
852 3783 895 3859 Ἲς
917 3783 1123 3848 Innocentius
1137 3781 1170 3846 X
1185 3781 1271 3865 pacis
1290 3778 1530 3862 Westphalicae

413 3879 506 3955 pacta
521 3872 671 3935 nonnulla
687 3871 892 3955 propulsavit.
915 3871 1036 3936 Deinde
1051 3868 1241 3935 Benedictus
1255 3867 1348 3942 xlv,
1367 3868 1421 3932 Pii
1439 3867 1484 3934 Vl
1501 3873 1531 3930 et

412 3962 487 4035 Vll,
506 3961 538 4022 in
552 3959 745 4039 gravissimis
759 3977 831 4023 curn
846 3959 985 4044 lmperio
1001 3958 1294 4040 disceptationibus,
1311 3957 1374 4020 alia
1388 3957 1532 4020 absolute

413 4052 605 4121 reiecerunt,
623 4046 685 4110 alia
701 4047 842 4112 delinitis
857 4049 981 4132 placitis
997 4048 1036 4111 ad
1051 4049 1254 4113 concordiam
1271 4046 1487 4111 adduxerunt.
1504 4045 1535 4108 l·

414 4142 513 4223 gitur,
530 4136 752 4202 tum·ioederis
767 4142 835 4200 tum
851 4137 1022 4202 reactionis
1037 4153 1126 4213 aevo,
1142 4138 1224 4220 qnod
1240 4152 1333 4218 supra
1350 4135 1532 4216 attigimus,

413 4233 480 4296 sive
492 4230 526 4292 in
538 4225 754 4308 approbando,
768 4225 834 4289 sive
846 4228 878 4290 in
892 4225 1079 4304 reiiciendo,
1094 4226 1204 4290 sivein
1218 4223 1436 4298 concedendo,
1452 4225 1535 4287 Pon·

414 4320 536 4400 tificurn
548 4333 621 4380 curn
636 4314 830 4399 principibus
847 4317 996 4382 tractatio
1013 4314 1150 4395 plurima
1166 4315 1240 4380 tuit.
1258 4314 1534 4394 Quocumqueau·

414 4416 480 4474 tem
496 4407 603 4481 modo,
621 4405 655 4469 in
671 4403 833 4487 prosperis
848 4410 943 4486 atque
958 4405 992 4468 in
1009 4403 1158 4477 adversis,
1178 4407 1211 4469 in
1228 4405 1298 4468 iure
1314 4401 1445 4484 publico
1461 4419 1537 4482 gen·

414 4500 495 4561 tium
506 4493 765 4567 christianarum,
779 4494 969 4560 Pontificum
981 4494 1154 4560 auctoritas
1165 4495 1198 4557 in
1213 4492 1359 4575 gerendis
1370 4490 1535 4557 Ecclesiae

416 4584 553 4665 negotiis
568 4585 599 4654 vi
615 4601 670 4650 sua
684 4583 859 4652 luculenter
877 4583 1005 4648 enituit.
