3222 5282
563 343 697 396 rrrusus
711 344 758 396 ιιι.
1136 323 1178 392 29

158 490 254 556 lilii.
263 487 368 568 Quum
380 506 456 570 ergo
471 490 509 553 ad
522 490 695 572 imaginem
706 490 779 566 Det,
788 507 897 556 serena
912 496 945 557 et
956 497 1103 558 constans
1117 489 1160 558 sit
1175 511 1224 556 sa-

101 578 238 661 pientia,
258 577 369 654 nutus,
387 581 420 642 et
432 577 568 655 iustitia
583 597 647 644 uon
659 596 676 644 a
688 579 855 650 concitatis
870 579 918 644 uel
930 579 1021 645 iluxis
1032 580 1223 663 populorum

102 666 313 750 opinionibus
320 668 383 732 erit
394 667 582 754 quaerenda.
597 668 659 734 Sed
671 670 774 751 primo
789 670 828 734 ab
839 685 876 734 eo
888 669 957 750 lege
968 669 1055 751 cujus
1070 669 1116 734 vis
1129 691 1145 729 a
1159 688 1223 733 nou

104 757 201 821 modo
215 754 322 820 senior
340 760 389 821 est
400 773 494 838 quam
508 762 595 822 aetas
605 759 794 840 populorum
802 765 839 825 ct
847 757 1026 833 civitatum,
1043 759 1098 823 sed
1110 775 1224 840 aequa-

106 846 146 910 lis
159 845 257 920 illius,
274 845 396 910 caelum
411 850 443 910 et
458 848 578 910 terram
593 847 711 912 tuentis
726 852 760 912 et
774 847 913 931 regentis
928 848 988 913 Dei
1005 845 1047 931 1).
1066 869 1084 910 n
1101 847 1223 912 Deinde
1285 851 1308 923 ¹l
1322 851 1380 908 cic.
1396 896 1403 923 ,
1426 857 1470 910 tte

101 935 143 998 ab
155 934 212 998 illa
223 933 330 1016 quieta
342 937 376 998 ει
386 934 547 998 constanti
561 940 684 1011 natura,
698 953 789 1018 quae,
803 936 1028 1020 cupiditatibus
1038 937 1149 1011 soluta,
1159 954 1223 1000 non
1242 929 1322 1001 Lep,
1334 927 1371 1002 Π,
1387 928 1414 985 ⁴·

100 1023 212 1088 turbas
227 1022 305 1104 agit,
321 1023 384 1086 scd'
392 1021 547 1110 incumbit
562 1023 722 1091 honestati
744 1031 778 1090 et
793 1025 981 1110 sapientiae,
999 1043 1070 1090 cum
1085 1027 1221 1109 quadam

100 1111 204 1176 animi
218 1110 408 1176 reverentia.
425 1111 582 1194 Equidem
600 1112 677 1194 legis
693 1118 741 1179 est
757 1115 958 1196 persuadere,
986 1133 1050 1179 non
1066 1115 1174 1179 omnia
1190 1114 1221 1178 vi

100 1206 135 1266 et
150 1200 249 1264 minis
263 1217 388 1281 urgere3
407 1201 558 1264 nonnulla
573 1203 759 1286 quandoque
776 1204 903 1269 terenda
925 1203 958 1267 in
975 1201 1105 1269 civitate
1120 1204 1159 1267 ad
1174 1203 1222 1270 vi·

101 1289 198 1355 tanda
216 1289 338 1370 peiora3
356 1289 480 1372 aliaque
495 1304 514 1352 a
530 1289 628 1354 latere
641 1293 748 1374 potius
762 1311 857 1376 quam
880 1311 899 1358 a
916 1292 1022 1358 fronte
1037 1310 1221 1377 oppuguan-

98 1378 153 1442 da.
172 1378 305 1452 Verum,
323 1381 358 1441 ut
374 1381 484 1444 monet
499 1375 628 1454 Cicero,
642 1382 712 1461 plus
727 1381 807 1464 apud
825 1399 882 1445 nos
897 1381 979 1447 ratio
995 1383 1109 1457 valeat,
1125 1400 1220 1464 quam

98 1467 187 1549 vulgi
202 1465 313 1548 opinio
328 1467 372 1549 2).
393 1489 410 1528 n
429 1466 592 1550 Siquidem
607 1470 733 1550 gravior
747 1476 780 1536 et
797 1469 932 1536 validior
949 1474 998 1536 est
1012 1471 1121 1536 decem
1137 1472 1222 1536 viro·
1251 1473 1465 1549 thoredorl.

99 1575 173 1620 rum
186 1557 341 1620 bonorum
358 1555 631 1641 sententia,quom
640 1559 739 1624 totius
749 1558 963 1623 moltitudinis
973 1559 1142 1640 imperitae
1151 1556 1219 1642 3).»
1259 1563 1286 1639 tt
1299 1569 1357 1624 Pro
1371 1555 1467 1626 Pton-

98 1645 245 1728 1lludque
266 1643 550 1720 evidentissimum,
568 1654 709 1711 rectores
725 1647 909 1730 populorum
929 1647 1097 1723 constitui,
1114 1651 1150 1712 ut
1165 1665 1220 1714 eos
1240 1643 1296 1700 0¹⁰·

100 1734 228 1800 iustitia
242 1737 367 1814 regant,
393 1749 455 1796 non
471 1737 506 1800 ut
522 1733 561 1797 ab
578 1735 631 1810 iis,
649 1753 821 1819 eorumque
836 1735 1040 1818 opinionibus
1055 1740 1219 1818 regantur.

169 1821 313 1889 -Senecae
328 1821 491 1888 distinctio
507 1823 541 1886 in
556 1825 705 1908 populum
720 1832 858 1908 tapetam
873 1829 906 1890 et
922 1842 988 1889 non
1004 1833 1153 1908 tapetum
1163 1843 1222 1891 nos

101 1911 228 1994 longius
243 1911 422 1975 adduceret.
1137 1993 1140 2000 Δ

165 2000 260 2066 XIV.
277 1999 370 2065 Alter
384 2005 434 2064 est
448 2000 528 2082 legis
543 2002 697 2067 naturalis
716 2001 858 2079 affectus,
871 2009 906 2068 ut
922 2019 1002 2084 quae
1017 2002 1089 2082 ipso
1103 2001 1220 2078 iubent,

98 2097 205 2170 utpote
216 2107 277 2169 per
299 2107 331 2152 ee
346 2088 439 2167 bono,
458 2098 587 2172 propter
602 2110 646 2171 ee,
666 2110 785 2175 sueque
800 2091 844 2170 oi,
863 2091 926 2157 sint
940 2093 1127 2174 oppetenda
1141 2109 1221 2173 qnoc

99 2187 207 2243 cotem
222 2183 310 2252 uetet,
327 2177 426 2256 ειαια,
445 2185 473 2240 ει
487 2179 670 2245 reiiciendo.

179 2287 197 2326 «
214 2268 277 2332 Per
291 2283 324 2330 sc
339 2266 438 2348 igitur
452 2266 501 2330 ius
517 2273 564 2334 est
578 2269 790 2352 expetendum
805 2274 838 2335 ει
851 2269 1031 2334 colendum:
1118 2269 1222 2354 utqui

98 2356 253 2423 virtutem
264 2356 407 2436 praemio
423 2356 608 2434 metiuntur,
623 2359 740 2424 nullam
756 2357 905 2444 virtutem
918 2357 979 2421 nisi
992 2358 1149 2423 malitiam
1162 2375 1220 2440 pu-

98 2450 196 2510 tent.
213 2491 222 2510 .
239 2491 248 2509 .
265 2442 385 2523 Quodsi
397 2445 539 2512 amicitia
552 2465 610 2529 per
621 2466 655 2512 se
666 2448 869 2522 colendaest,
883 2446 1016 2511 societas
1027 2465 1150 2532 quoque
1161 2447 1219 2512 ho·

98 2534 239 2608 minum,
255 2537 288 2598 et
304 2534 490 2617 aequalitas,
506 2540 539 2601 et
553 2536 676 2602 iustitia
691 2555 795 2621 perse
810 2535 996 2619 expetenda.
1018 2534 1108 2616 Quod
1124 2535 1158 2600 ni
1174 2537 1218 2600 ita

98 2628 160 2698 est,
179 2621 313 2687 omuino
328 2622 450 2688 iustitia
466 2625 551 2689 nulla
565 2630 624 2691 est:
642 2626 675 2690 id
690 2626 777 2691 enim
792 2625 1036 2690 iniustissimum
1050 2628 1111 2700 est,
1127 2625 1220 2690 iusti·

97 2713 162 2777 tiae
179 2711 358 2776 mercedem
372 2729 566 2794 quaerere...
584 2715 746 2791 Proiecto,
768 2713 795 2778 si
809 2719 940 2797 propter
954 2712 1032 2778 alies
1055 2732 1106 2778 res
1121 2713 1219 2780 virtus

97 2801 273 2883 expetitur,
291 2801 403 2866 melius
418 2819 486 2866 esse
500 2803 618 2886 aliquid
641 2822 735 2888 quam
751 2804 914 2878 virtutem,
933 2820 1058 2867 necesse
1072 2807 1121 2868 est
1136 2800 1180 2886 d).
1200 2819 1218 2866 o
1289 2808 1317 2884 ll
1337 2809 1408 2885 Cic,
1423 2817 1468 2870 De

97 2890 201 2972 igitur
212 2887 429 2973 quiiustitiam
441 2891 583 2974 sequitur
594 2889 724 2976 propter
735 2892 1005 2968 utilitatem,utile
1015 2891 1220 2974 praeiertho·
1239 2885 1467 2962 leq.‚l,18,tt.

99 2985 202 3054 nesto;
216 2979 305 3061 isque
320 2979 456 3061 negliget
473 2979 568 3062 leges,
585 2999 698 3066 easque
712 2988 895 3065 perrumpet
908 2981 936 3044 si
951 2981 1080 3062 poterit,
1094 2981 1218 3064 quando

97 3068 157 3133 hoc
170 3068 232 3134 sibi
244 3067 353 3132 utilius
363 3069 535 3152 contingat.
547 3070 680 3146 Deinde,
688 3070 812 3134 animae
825 3071 965 3136 excelsae
976 3074 1009 3134 et
1019 3069 1150 3135 fortium
1164 3089 1219 3152 pe·

96 3156 336 3232 ctora,heroica
347 3158 487 3224 virtuset
499 3159 620 3241 patriae
632 3159 768 3224 ebaritas
779 3159 940 3234 deficient,
949 3157 1003 3220 ubi
1015 3159 1215 3241 quisquenon

96 3252 235 3313 sectetur
248 3248 463 3313 communiter
476 3249 569 3324 iusta,
587 3249 641 3312 sed
656 3248 717 3313 sibi
732 3248 835 3321 utilia:
853 3246 1018 3311 inhaereat
1031 3245 1105 3320 sibi,
1122 3251 1216 3329 atque

97 3337 136 3401 ad
148 3353 293 3401 amorem
304 3335 443 3412 uirtutis,
457 3355 549 3421 quae,
560 3338 657 3403 ctiam
669 3337 822 3411 indotata,
832 3354 882 3399 res
895 3341 942 3400 est
954 3336 1111 3409 caelestis,
1125 3336 1214 3418 quasi

96 3424 205 3490 divino
219 3423 327 3488 afflatu
343 3443 404 3490 non
420 3426 664 3492 extollatur-Ex
679 3426 820 3499 adverso,
839 3425 992 3490 vilescunt
1003 3425 1097 3491 corda
1110 3428 1142 3488 ει
1152 3425 1214 3490 im·

96 3513 199 3596 peria,
212 3531 285 3576 cum
300 3514 408 3578 munia
422 3513 544 3596 private
559 3519 592 3580 et
606 3515 732 3596 publica
746 3515 858 3598 cupide
873 3512 1163 3597 apprehenduntur,
1181 3521 1212 3582 ει

97 3603 136 3667 ad
151 3602 350 3682 singulorum
364 3602 535 3669 utilitatem
550 3603 782 3670 ministrantur.

154 3691 231 3756 XV.
250 3689 376 3756 Tertius
391 3691 469 3772 legis
483 3691 611 3758 effectus
626 3698 674 3758 εει
684 3692 840 3776 oblipotio,
852 3692 917 3756 sico
933 3691 1064 3755 morolio
1080 3694 1211 3756 necomi-

98 3789 157 3858 tcs,
176 3797 242 3862 qao
252 3779 758 3864 rationales-arqentorcreoturoe
772 3788 807 3845 ut
818 3780 934 3844 morali
945 3781 1051 3844 ordini
1058 3790 1207 3860 pareant,

98 3870 224 3950 eiusque
239 3867 395 3933 sanctioni
409 3869 628 3935 subiicientar.

159 3959 244 4024 Nam
263 3956 371 4022 omnia
386 3958 473 4022 entia
487 3962 596 4023 natura
611 3975 666 4022 sua
679 3957 829 4039 ligantur:
846 3955 980 4022 circulus
995 3961 1031 4020 ut
1042 3956 1085 4021 sit
1100 3961 1212 4021 rotun-

97 4046 164 4120 dus,
181 4046 231 4110 sol
246 4051 284 4112 ut
298 4045 411 4121 luceat,
430 4046 536 4128 gravia
557 4051 592 4112 ut
606 4047 641 4112 iu
656 4051 800 4112 centrum
811 4045 969 4111 terantur.
992 4046 1077 4126 Ergo
1093 4049 1126 4110 et
1141 4063 1211 4109 rno-

98 4134 186 4209 ralia,
205 4139 243 4201 ut
258 4132 410 4199 moralem
425 4136 527 4216 legem
547 4139 730 4218 sequantur:
748 4133 882 4217 ideoque
904 4133 1069 4198 rationalis
1085 4133 1211 4200 intelle-

97 4227 175 4296 ctus,
194 4228 231 4288 ut
246 4223 450 4288 rationabilia
464 4224 634 4306 intelligat:
654 4223 806 4298 voluntas,
819 4228 856 4288 ut
870 4222 953 4286 bona
970 4222 1102 4287 moralia
1118 4238 1212 4304 appe-

97 4317 152 4386 tat;
173 4311 316 4386 libertas,
333 4315 368 4376 ut
382 4329 462 4394 quae
475 4312 514 4376 ab
528 4312 692 4378 intellectu
706 4312 918 4378 demonstrate
930 4310 994 4374 sint
1004 4309 1098 4384 bona,
1114 4309 1212 4375 libere

96 4401 204 4482 eligat3
222 4400 270 4464 nis
285 4399 414 4478 motrix,
432 4405 468 4468 ut
483 4411 520 4466 ea
535 4405 706 4484 exequatur
720 4405 753 4465 et
767 4404 840 4465 actu
855 4400 1024 4482 compleat.
1041 4399 1208 4472 Similiter,

97 4495 131 4555 ut
146 4494 291 4564 naturae,
309 4489 391 4554 idest
405 4489 522 4556 rationi
536 4489 709 4565 contraria,
725 4493 957 4556 removeantur.
968 4487 1123 4572 Equidem
1139 4505 1211 4552 suae

98 4581 204 4646 animo
216 4578 387 4662 etcorpori
398 4579 669 4664 suntcupiditates
679 4579 798 4646 rationi
809 4579 1020 4648 adversantes:
1033 4576 1087 4642 sed
1098 4575 1214 4657 eoipso
