3228 5280
574 327 784 384 rasurusxu.
1131 311 1196 377 319

1 445 6 490 ¹
125 475 242 554 legum,
260 489 319 537 nec
338 469 624 540 matrimonialibus
640 477 790 560 exceptis,
809 477 966 542 executio.
985 474 1018 540 ⁷.
1037 473 1240 552 Concordatis

125 564 218 642 plena
234 566 328 644 atque
340 561 463 627 sincera
475 562 563 638 lidos,
575 564 629 644 ubi
641 566 756 631 adsint.
766 567 866 648 Quae,
877 565 1014 650 aliaque,
1025 563 1165 631 breviter
1175 569 1240 633 col-

1 625 6 728 ἶ
125 651 442 732 ligabatlmperator:
454 651 565 716 «sirei
576 654 766 737 principium
779 655 836 719 fiat
847 655 960 720 decens
972 657 1005 718 et
1016 653 1250 734 arnabilelleo,

2 738 4 826 ζ
122 741 150 802 si
166 756 325 803 sacrarum
342 740 522 820 regularum
538 741 735 808 observantia
747 744 944 809 custodiatur
954 765 971 806 »
981 739 1122 828 (§V111).
1135 749 1240 810 Aurea

123 829 200 893 baec
212 831 298 902 sunt,
317 828 446 910 ipsaque
460 829 617 895 sufficient
631 832 658 895 si
675 837 762 896 recto
778 834 887 897 animo
901 833 1147 914 perpendantur.

212 916 320 982 xvss.
339 916 429 983 Niliil
446 935 508 982 non
525 918 671 983 molitum
687 925 746 996 est,
764 927 800 986 ut
815 920 1018 986 sacerdotalis
1034 926 1066 986 et
1078 923 1165 1003 regia
1182 942 1240 1006 po-

1 985 5 1026 *
125 1009 389 1087 testas,suprema
406 1005 491 1071 vitae
505 1006 607 1071 civilis
621 1008 867 1084 tundamenta‚a
883 1027 916 1074 se
932 1009 1067 1073 invicem
1085 1011 1240 1076 distrahe·

122 1098 248 1168 rentur,
266 1095 373 1176 sicque
389 1092 513 1158 facilius
536 1101 805 1178 oppugnarentur.
823 1097 1065 1164 Ubertissimam
1081 1098 1167 1176 inde,
1189 1103 1239 1166 ni·

2 1179 3 1263 f
122 1184 285 1264 miumque
300 1182 449 1246 miseram
462 1182 621 1248 fructuum
635 1191 787 1267 segetem,
797 1186 958 1268 principes
970 1191 1003 1250 et
1016 1187 1127 1269 populi
1142 1190 1238 1254 colle-

2 1291 3 1296 ¹
121 1272 237 1352 ginrus.
255 1273 391 1353 Tempus
407 1275 501 1346 esset,
520 1277 567 1346 ut,
579 1275 660 1338 unde
677 1276 758 1338 mala
776 1281 846 1340 orta
862 1279 948 1349 sunt,
960 1275 1027 1340 illic
1039 1278 1178 1341 remedia
1192 1279 1238 1343 al-

122 1360 278 1425 terantur.
288 1359 457 1425 Revolutio
469 1377 550 1443 quae
566 1380 649 1426 anno
662 1361 772 1428 1789a
784 1364 888 1428 fallaci
905 1365 1027 1427 icarium
1042 1355 1176 1429 mininis
1187 1369 1239 1432 da-

120 1449 295 1513 ciaratione
310 1448 452 1513 sumebat
468 1449 609 1524 exordia,
626 1469 688 1515 non
705 1452 845 1533 quiescet
862 1452 923 1515 nisi
935 1452 1099 1533 principes
1114 1459 1146 1517 et
1161 1472 1238 1536 gen-

122 1544 170 1602 tes
186 1536 408 1619 regrediantur
424 1537 462 1600 ad
479 1538 554 1602 iura
569 1537 640 1604 Dei.
659 1538 762 1618 Quam
778 1541 927 1621 politicae
944 1541 1102 1605 societatis
1118 1548 1238 1607 restau-

1 1615 5 1712 ξ
119 1627 278 1691 rationein
294 1643 352 1706 per
368 1626 415 1690 ius
430 1626 573 1690 divinum
589 1644 688 1709 aeque
712 1646 749 1695 ae
764 1629 962 1710 pontificium
979 1629 1172 1712 amplissima
1188 1651 1238 1695 re-

1 1719 6 1748 *
121 1733 194 1778 rurn
209 1714 405 1796 experientia
417 1718 512 1795 atque
524 1715 692 1796 sapientia,
706 1723 808 1782 versat
820 1717 1054 1781 accuratissime
1070 1719 1118 1782 vir
1130 1721 1237 1784 animo

2 1803 4 1836 ²
122 1804 230 1884 potius
246 1818 339 1886 quam
357 1805 486 1866 nomine
502 1805 798 1880 excellentissimus,
817 1823 922 1870 cernes
934 1805 1043 1870 Solaro
1059 1807 1238 1873 della=Mar-

2 1938 3 1942 ,
120 1893 280 1972 garita‚in
290 1892 443 1972 operecui
454 1893 576 1956 titulus:
586 1892 798 1958 ,inpedimenti
806 1893 939 1974 politici:
955 1896 1092 1958 maxime
1102 1913 1236 1959 ueroea-

1 1975 7 2017 ⁵
118 1981 284 2062 piteXlX:
298 1977 470 2045 Reiazionc
483 1979 657 2046 delloStuto
672 1980 754 2046 coila
771 1981 892 2048 Obicio.
907 1984 1031 2048 Iamdiu
1047 1981 1174 2048 illavox
1185 1985 1236 2047 in-

117 2074 279 2133 sonuerat:
297 2068 345 2132 Er
361 2086 447 2134 nunc
462 2072 575 2135 lineus
590 2067 810 2136 rurxnnrnrra!
829 2070 959 2136 Utinam
977 2071 1113 2138 feliciori
1133 2071 1233 2148 exi-tu,

117 2157 182 2220 iarn
198 2161 397 2223 excrescente
412 2157 551 2234 tlamrna,
569 2175 605 2222 ac
619 2158 688 2223 tere
703 2159 1028 2254 omniapervadente.
1130 2199 1134 2204 ·

616 2343 732 2378 w-

392 2515 394 2518 ·
467 2493 756 2616 araucas
805 2497 880 2574 xii.

520 2691 564 2740 lta
581 2690 817 2740 concorrentis.

191 2851 317 2909 illatio.
334 2850 369 2905 ll.
385 2839 617 2906 Concordatcrum
632 2848 716 2906 initia.
733 2848 781 2906 ill.
797 2850 876 2908 Omni
891 2866 966 2922 aevo,
981 2852 1126 2909 Pontifices
1140 2851 1162 2907 vi
1179 2868 1227 2911 cua

2 2915 7 2953 ⁵
114 2943 179 2984 cum
195 2926 360 2996 Principibus
375 2923 563 2981 ecclesiastica
578 2925 685 2996 negotia
697 2927 860 2997 geruntlv.
872 2919 981 2983 indulta
993 2926 1062 2983 baec
1075 2934 1103 2983 et
1117 2927 1228 2998 privile·

112 3005 168 3073 glaz
184 3002 358 3058 utilitatesll.
368 3000 599 3056 concordatorum
611 3000 696 3054 torma
710 3001 820 3056 delinito
834 2999 999 3058 subNicelao
1008 3003 1040 3072 ll,
1049 3008 1076 3056 et
1090 3004 1180 3059 Leone
1191 3003 1225 3058 x.

112 3079 158 3135 lll.
169 3079 302 3134 Historiae
314 3075 468 3133 corollaria.
479 3075 536 3131 Vll.
546 3073 650 3146 buplcx
665 3088 757 3131 rerum
771 3091 858 3148 genus
868 3092 938 3148 qnae
953 3077 1130 3132 Concordatis
1142 3077 1225 3131 subii·

112 3154 233 3209 ciuntur.
242 3152 314 3210 lllll.
325 3151 356 3206 ln
369 3150 455 3222 primo
465 3164 565 3222 genere
577 3157 640 3206 suut
651 3151 801 3223 principum
815 3151 914 3208 officia.
925 3151 971 3206 tx.
981 3151 1011 3205 ln
1023 3151 1110 3207 altero
1122 3151 1224 3207 indulta

111 3228 281 3298 pontificum.
297 3227 331 3282 X.
347 3227 393 3282 liei
408 3225 501 3296 cardo,
516 3225 734 3281 contrahentium
748 3241 892 3296 personae.
910 3227 956 3281 xi.
972 3227 1140 3282 concordata
1155 3227 1225 3282 aeti·

110 3303 164 3359 bus
178 3301 428 3358 internetionalibus
439 3315 491 3356 non
503 3305 566 3355 sunt
575 3301 783 3372 aequiparanda.
796 3302 860 3362 xit..
869 3300 948 3358 Nulla
960 3300 1086 3372 religiosa
1097 3308 1125 3356 et
1136 3303 1223 3358 natio·

2 3371 6 3409 ³
110 3377 181 3434 nulia
193 3377 348 3434 autouoinia
362 3378 388 3432 iu
401 3375 528 3449 gentibus
542 3375 692 3431 catholicis.
709 3376 782 3432 xtlt.
799 3375 932 3432 Fallimur
946 3374 1011 3432 dum
1025 3375 1222 3448 buglicanismi

109 3452 227 3509 frustula
241 3451 275 3508 ad
284 3450 432 3508 Ecclesiam
446 3466 527 3506 unam
543 3458 624 3522 atque
637 3451 813 3507 universalem
827 3450 1024 3508 transierimus:
1037 3453 1136 3508 Romae
1149 3452 1224 3521 prin·

109 3543 189 3600 ceps,
206 3543 258 3584 oon
273 3528 402 3598 pontifex,
418 3526 524 3598 negotia
538 3528 609 3596 gerit
622 3525 1010 3594 internaticnalia.lllll.1dem
1025 3541 1086 3582 cum
1101 3527 1223 3596 principe

109 3610 190 3659 extra
204 3603 355 3659 Ecclesiam
370 3603 514 3658 existente.
525 3599 579 3657 XV.
590 3601 721 3657 Obiectio.
732 3600 1091 3657 xvi.coueordnmsummo
1106 3602 1224 3656 iuranon

1 3677 6 3752 ξ
111 3683 178 3733 sunt
191 3685 270 3747 pacta
291 3675 524 3753 synallagrnatica.
543 3675 624 3732 Xllll.
648 3676 766 3732 Mutuom
787 3683 877 3732 tamen
891 3675 1083 3747 obligationem
1102 3677 1220 3746 pariunt.

108 3753 206 3810 xvttt.
222 3753 354 3810 Primatus
367 3751 454 3809 civilis
466 3753 499 3808 ll.
516 3751 687 3822 Pontificum,
703 3752 747 3808 bei
761 3750 928 3822 prouidentia
943 3751 1126 3808 constituitur.

200 3919 226 3983 l.
246 3917 340 3983 Gesta
353 3935 371 3981 a
383 3934 506 3980 summo
519 3916 676 3981 Pontifice
687 3935 757 3981 cum
770 3915 1010 4000 insperantibus,
1019 3918 1104 3981 circa
1115 3934 1166 3980 res
1178 3933 1227 3980 sa·

2 3988 5 4002 '
105 4023 189 4079 eras,
208 4007 255 4070 ius
271 4005 430 4086 peculiare
444 4006 478 4069 in
494 4006 639 4085 gentibus
652 4005 891 4078 constituentia,
908 4004 1105 4070 Concorduta
1119 4006 1226 4086 appel-

107 4097 228 4170 lantur;
253 4101 300 4168 ut,
318 4094 582 4175 quemadmodum
598 4099 685 4158 actus
704 4095 752 4158 sui
768 4094 892 4175 generis
906 4098 993 4168 sunt,
1015 4093 1059 4157 ita
1074 4092 1225 4177 peculiari

2 4210 6 4250 :
105 4184 239 4248 nomine
254 4184 394 4248 veniant.
414 4182 562 4248 Dicemus
578 4182 616 4245 de
632 4199 742 4246 eorum
758 4183 890 4264 origine,
905 4189 1025 4246 notura
1039 4185 1072 4244 et
1083 4181 1127 4244 oi.

203 4273 245 4337 ll.
265 4272 330 4336 Vix
345 4271 434 4335 civili
449 4271 641 4340 christianae
654 4271 821 4350 religionis
836 4269 1079 4351 inauguratione
1095 4270 1223 4348 peracta

102 4379 123 4424 a
138 4359 361 4434 Constantino,
371 4359 640 4426 Concordatorum
654 4358 748 4423 initia
761 4359 827 4422 visa
838 4365 911 4424 sunt
927 4359 961 4420 in
974 4357 1036 4419 illis
1047 4355 1224 4420 concessio-

101 4449 209 4525 nibus,
228 4449 341 4531 quibus
357 4449 440 4530 leges
448 4449 488 4511 ab
500 4447 745 4527 imperatoribus
754 4447 971 4510 condebantur
982 4443 1022 4508 de
1033 4443 1223 4508 ecclesiasti-

101 4555 139 4601 ca
155 4538 336 4622 disciplina,
356 4538 498 4616 delegata
515 4540 569 4600 aut
582 4535 699 4601 vicaria
715 4534 880 4599 Pontibeis
892 4531 1094 4598 anctoritate.
1110 4531 1176 4595 lllis
1188 4548 1222 4594 e-
