3222 5282
447 327 490 394 28
893 339 988 392 arnna
1003 339 1026 388 1.

400 490 595 574 gantissime:
615 508 633 548 u
651 487 733 555 Huic
749 487 812 571 legi
824 505 882 553 neo
897 486 1045 568 obrogari
1063 485 1108 549 ias
1123 490 1184 560 cst,
1200 503 1301 566 neque
1315 484 1459 566 derogari
1477 507 1520 553 ex

400 581 459 646 hac
474 576 595 663 aliquid
609 575 695 653 licet,
713 593 815 658 neque
830 579 895 642 tota
911 574 1056 656 abrogari
1073 578 1190 655 potest.
1209 575 1275 640 Nec
1296 591 1370 638 sero
1384 579 1440 639 aut
1456 593 1519 656 per

401 673 559 741 senatum,
572 670 628 732 aut
641 681 700 747 per
713 666 875 747 populum,
892 664 970 728 solvi
982 665 1040 728 lrac
1065 661 1133 744 lege
1149 680 1325 744 possumus.
1343 662 1453 746 Neque
1467 670 1519 730 est

400 757 596 840 quaerendus
606 753 803 836 explanator,
812 758 867 818 aut
878 751 1037 836 interpres
1049 751 1219 832 ejusalter.
1233 751 1301 817 Nec
1312 750 1375 816 erit
1386 752 1449 816 alia
1465 753 1519 818 lex

400 847 533 919 Romae,
550 843 613 908 alla
625 841 772 917 Athenis
787 841 849 906 alia
866 859 960 917 nunc,
978 841 1040 905 alia
1052 841 1195 922 posthac.
1208 839 1274 907 Sed
1284 858 1394 904 omnes
1405 847 1520 924 gentes

400 939 433 1000 et
449 934 537 998 omni
555 937 710 1011 tempore,
731 948 794 995 una
814 930 863 996 lex
881 936 914 996 et
933 930 1125 1013 sempiterna
1140 935 1173 995 et
1185 928 1393 994 immutabilis
1408 932 1520 996 eonti-

400 1023 501 1089 nebit:
518 1036 659 1101 unusque
673 1018 736 1083 erit
751 1017 928 1083 communis
942 1020 1031 1102 quasi
1043 1019 1194 1100 magister
1208 1023 1242 1085 et
1256 1017 1431 1100 imperator
1446 1037 1519 1084 onr-

400 1112 488 1175 nium
505 1111 599 1175 Deus.
617 1107 674 1172 lllc
690 1106 767 1188 legis
782 1107 877 1172 huius
893 1108 1052 1183 inventor,
1062 1106 1372 1189 disceptatonlator.
1384 1106 1444 1174 Cui
1459 1110 1517 1192 qui

400 1218 465 1263 ncn
480 1199 614 1282 parebit,
637 1196 703 1278 ipse
718 1213 752 1259 se
766 1196 879 1278 lugiet,
904 1214 941 1262 ac
962 1202 1106 1263 naturam
1122 1196 1263 1261 bominis
1279 1196 1515 1278 aspernabitur.

398 1289 467 1353 lloc
483 1287 550 1370 ipse
566 1286 632 1350 luet
646 1284 799 1349 maximas
814 1303 943 1367 poenm,
969 1287 1095 1352 etiamsi
1110 1291 1235 1351 caetera
1249 1284 1416 1368 supplicia,
1434 1303 1519 1366 quae

399 1380 564 1459 putantur,
582 1372 742 1454 effugerit.
763 1395 780 1436 u
798 1375 957 1439 Hactenus
971 1374 1097 1451 (licere,
1115 1375 1197 1439 libro
1210 1373 1259 1440 lll
1273 1374 1313 1440 dc
1326 1374 1515 1457 Republica,

399 1465 481 1548 apud
488 1461 767 1544 Lactantinm,qui
777 1467 887 1545 raptus
898 1463 1039 1529 hominis
1049 1463 1206 1545 sapientia
1213 1464 1380 1534 exclamat:
1392 1483 1410 1523 a
1420 1463 1516 1544 Quis,

398 1559 629 1620 sacramentum
646 1551 705 1616 liei
720 1550 834 1627 sciens,
860 1557 926 1618 tam
941 1553 1159 1634 significanter
1173 1567 1322 1617 enarrare
1337 1551 1439 1633 legem
1456 1553 1519 1617 Dei

194 1643 217 1713 lt
231 1645 380 1712 Lact.,m.
398 1640 1436 1731 possitquamhomolongeaveritntisnotjtisremotusexpressltt
1448 1640 1517 1723 1).»

151 1720 376 1792 ammessia.
470 1733 547 1799 llll.
565 1731 716 1815 Exposita
734 1730 812 1812 legis
830 1737 954 1805 natura,
972 1731 1039 1796 eius
1054 1730 1185 1796 allectus
1200 1729 1520 1813 persequamur.Pri-

398 1840 468 1886 mus
483 1826 543 1895 est,
561 1822 645 1901 quud
661 1820 716 1883 lec
731 1821 800 1899 ipso
813 1837 872 1900 per
887 1837 930 1897 se,
956 1839 1022 1885 noa
1035 1819 1210 1894 dominum,
1235 1837 1301 1884 noo
1321 1819 1519 1900 perpetiamur

399 1911 507 1989 opinio
522 1909 689 1973 constituat
706 1909 768 1973 ius.

490 2018 507 2057 u
522 1996 610 2065 Nihil
623 1997 709 2061 enim
721 2002 769 2062 est
781 1996 1015 2078 praestabilius,
1036 2015 1130 2080 quarn
1143 1997 1238 2078 plane
1256 1995 1396 2080 intelligi
1408 2014 1468 2061 nos
1479 1997 1519 2060 ad

400 2086 549 2152 virtutem
565 2103 632 2150 esse
650 2088 874 2160 natos,nnonn
892 2103 1135 2161 sessionnem
1146 2101 1518 2152 nnromconsrrrnrcu

190 2169 217 2237 2l
244 2170 314 2240 cic,
338 2173 380 2226 De
399 2191 475 2240 nssn
492 2192 542 2242 rus
558 2173 601 2257 2).
621 2175 778 2238 «Frustra
791 2173 891 2255 igitur
904 2174 978 2238 novi
993 2175 1121 2256 quidam
1137 2173 1293 2249 homines,
1310 2174 1467 2238 mundum
1482 2193 1518 2241 o·

151 2248 218 2317 ¹⁴⁶⁹·
236 2244 256 2316 ¹,
275 2248 317 2300 ¹⁰·
397 2263 580 2348 pinianibus
591 2261 671 2344 regi,
685 2261 868 2344 opinionem
881 2262 1072 2344 utreginam
1085 2263 1449 2345 venerari,opinionibus
1461 2282 1520 2344 po-

400 2353 545 2434 pulorum
558 2349 747 2425 adblandiri,
761 2351 868 2434 eisque
879 2351 1045 2428 inservire,
1055 2354 1090 2417 in
1102 2351 1206 2419 effatis
1217 2359 1250 2419 et
1262 2354 1296 2417 in
1307 2352 1451 2416 moribus
1462 2353 1518 2417 ba·

398 2442 488 2509 bent.
504 2440 596 2521 Quod
607 2440 684 2522 quid
696 2443 743 2504 est
754 2440 838 2505 aliud
850 2457 946 2523 quam
962 2441 1134 2523 imperium
1145 2441 1179 2505 in
1191 2441 1376 2508 famulatum
1385 2459 1519 2507 conver-

399 2535 480 2606 tere,
497 2530 654 2595 bonorum
665 2533 698 2594 et
709 2527 865 2593 malorum
881 2527 960 2594 fines
971 2531 1116 2606 miscere,
1131 2531 1337 2612 aequitatem,
1352 2530 1515 2606 virtutem,

398 2618 586 2701 sapientiam
602 2617 802 2682 exscindere?
821 2619 908 2699 Ergo
928 2619 968 2683 ad
983 2613 1115 2684 naturae
1135 2624 1229 2701 atque
1244 2619 1450 2702 imperiorum
1467 2638 1520 2685 ae-

398 2707 552 2790 quitatem
563 2707 740 2788 seligendae
751 2711 824 2771 sunt
835 2707 1021 2790 populorum
1033 2707 1212 2790 opiniones.
1226 2708 1382 2788 regendae
1393 2709 1519 2791 sapien-

311 2807 313 2812 ’
399 2803 462 2871 ter,
480 2796 547 2862 lere
565 2811 725 2876 nunquam
736 2795 940 2876 frangendae,
958 2796 1012 2859 sed
1025 2813 1082 2860 nec
1093 2813 1187 2860 caeco
1199 2796 1323 2878 impetu
1339 2813 1396 2861 nec
1407 2798 1517 2862 servili

396 2885 547 2968 obsequio
564 2884 810 2966 amplectendae.
824 2883 912 2962 Quid
927 2884 1013 2949 enirn
1025 2885 1127 2951 valeat
1138 2884 1284 2968 populus,
1299 2903 1339 2951 ex
1349 2884 1515 2963 Cicerone,

398 2974 528 3040 lromine
544 2974 667 3040 scilicet
682 2972 838 3054 populari,
856 2974 1022 3039 discamus:
1042 2994 1060 3034 «
1077 2975 1214 3059 Populus
1225 2974 1293 3040 sine
1304 2975 1518 3058 comparatio-

275 3077 276 3082 ’
399 3081 439 3128 ne
454 3065 585 3147 probat;
603 3079 669 3126 esse
680 3062 797 3130 melius
812 3080 877 3126 non
892 3062 1003 3140 sentit;
1021 3062 1099 3126 illud
1114 3064 1198 3146 quod
1213 3068 1274 3139 est,
1289 3064 1517 3147 qualecunque

156 3129 215 3262 ΟΞ.
237 3132 279 3184 ⁰⁶
294 3128 375 3187 ΟΨ·
399 3159 460 3228 est,
477 3154 591 3235 probat
607 3149 650 3235 3):
671 3174 689 3213 »
713 3151 814 3216 Idem:
839 3171 856 3212 ι(
873 3151 926 3218 Sic
940 3157 990 3219 est
1006 3152 1127 3233 vulgus:
1143 3170 1183 3218 ex
1199 3153 1331 3219 veritate
1347 3171 1459 3236 pauca,
1476 3172 1516 3220 ex

176 3210 244 3350 43⁰ss
261 3297 277 3335 o
292 3283 318 3337 11
399 3243 552 3327 opinione
563 3241 663 3306 multa
679 3242 827 3307 aestimat
843 3237 888 3324 ll).
908 3265 926 3304 »
943 3241 1142 3324 Expressius:
1162 3261 1179 3300 a
1197 3241 1335 3324 Populus
1349 3260 1415 3308 non
1429 3243 1516 3308 dele-

244 3296 260 3337 r
316 3297 375 3338 ⁰⁸⁶⁸
397 3333 570 3416 ctualiquo
586 3335 640 3395 aut
652 3330 805 3413 sapientia
817 3329 944 3394 ducitur
956 3329 1219 3405 adiudicandum,
1234 3331 1287 3394 sed
1299 3330 1424 3412 impetu
1435 3348 1518 3395 non-

399 3440 583 3502 numquam,
597 3424 629 3483 et
641 3419 776 3500 quadam
787 3417 886 3485 etiarn
900 3419 1092 3484 temeritate.
1103 3419 1176 3486 Non
1188 3422 1237 3483 est
1248 3420 1334 3484 enim
1346 3420 1516 3485 consilium

171 3505 197 3576 5)
212 3507 271 3561 Pr⁰
285 3504 379 3562 Plau·
399 3509 434 3572 in
447 3509 551 3590 vulgo,
563 3524 626 3572 non
643 3507 739 3582 ratio,
749 3524 812 3569 non
824 3505 1007 3581 discrimen,
1019 3525 1082 3571 non
1097 3507 1263 3590 diligentia
1272 3507 1340 3591 at.»
1355 3509 1416 3576 Hic
1427 3528 1517 3575 nem-

151 3583 205 3636 cto.
400 3614 441 3678 pe
455 3601 525 3662 crat
538 3611 687 3658 romanus
702 3593 758 3655 ille
772 3593 916 3675 populus,
934 3594 995 3658 late
1010 3612 1083 3670 rec,
1101 3597 1155 3678 qui
1174 3596 1209 3662 in
1224 3599 1359 3679 publicis
1374 3598 1467 3662 rebus
1482 3617 1517 3663 a·

400 3684 521 3766 gendis,
534 3701 552 3748 a
563 3682 695 3747 saeculis
701 3683 916 3756 exercebatur;
927 3683 961 3746 in
973 3702 1037 3766 quo
1048 3688 1156 3751 tamen
1162 3703 1286 3769 semper
1294 3688 1414 3763 aderat,
1425 3688 1516 3770 quasi

401 3777 533 3856 naturae
544 3773 627 3847 loco,
646 3789 664 3830 u
681 3771 827 3848 varietas,
844 3771 1073 3848 inconstantia,
1090 3780 1124 3840 et
1135 3775 1245 3840 crebra
1257 3779 1420 3859 tamquam
1434 3781 1517 3842 tem

111 3861 123 3870 “
172 3883 197 3950 q
213 3885 271 3938 Pro
285 3885 378 3940 Domo
399 3864 567 3946 pestutum,
584 3860 630 3925 sic
643 3860 871 3926 sententiarum
886 3863 1091 3928 commutatio
1108 3860 1182 3946 6).»
1198 3863 1283 3944 Quid
1295 3866 1435 3940 demum,
1451 3883 1515 3930 non

150 3972 217 4013 stro.
399 3949 846 4035 plebeculae,sedqnandoque
856 3952 1031 4016 seculorum
1043 3955 1210 4034 corruptae
1219 3954 1389 4036 opiniones
1400 3953 1517 4018 etlalsa

400 4041 524 4104 oracula
540 4040 657 4113 lerant,
675 4037 734 4104 etsi
747 4057 811 4102 non
827 4057 866 4104 ex
877 4040 1056 4122 Augustino
1067 4040 1268 4123 pientissimo
1280 4033 1517 4109 virc'ediscere-

400 4147 483 4204 mus,
497 4129 585 4193 cuius
595 4128 650 4191 illa
662 4130 710 4192 est
724 4127 882 4193 sententia
898 4148 916 4188 «
933 4146 1134 4211 corrumpere
1149 4136 1183 4196 et
1198 4131 1359 4214 corrumpi
1375 4132 1516 4196 seculum

401 4222 572 4294 vocaturz'u
588 4217 642 4281 illa
654 4216 757 4282 edicet
768 4217 816 4282 val
827 4217 1029 4283 ethnicorum
1040 4218 1207 4302 sapientia,
1228 4239 1309 4304 quae
1324 4219 1516 4288 fortissimo·

400 4321 468 4372 rum
484 4305 625 4372 virorum
640 4304 719 4370 illud
733 4306 891 4373 statuebat
907 4305 1044 4389 insigne:

556 4465 598 4480 ...
611 4465 617 4479 .
639 4423 771 4490 Tenuisse
785 4423 906 4490 animum
919 4429 1016 4482 contra
1031 4442 1080 4483 sna
1095 4426 1205 4484 saecula
1217 4435 1335 4499 rectum,

594 4498 682 4556 Altius
695 4507 723 4556 ct
738 4499 808 4556 viliis
822 4501 976 4558 exseruisse
989 4509 1082 4574 capul.

911 4574 918 4646 t
927 4577 1023 4644 Ovio„
1037 4581 1068 4637 ta
1087 4577 1199 4638 consol.
1217 4579 1398 4649 addictam,
1413 4599 1441 4637 v.
1457 4585 1514 4652 lb.)
