3228 5280
587 311 798 370 siracusas.
1138 300 1203 371 313

130 467 219 548 gitur
233 460 455 530 ethnarchlcus
470 461 614 540 Senatus,
629 479 685 528 seu
700 469 848 545 magnum
865 462 1046 548 principum
1060 464 1248 542 Consilium,

3 577 16 618 'l
131 552 387 637 persuasionibus
398 555 484 632 agat,
500 569 563 616 non
580 550 623 618 vi.
640 549 774 634 Excipe,
791 551 931 620 olfactio
947 553 981 618 in
997 553 1182 632 lectionem,
1200 557 1250 622 vel

10 686 15 706 .
129 661 209 726 gens
223 641 326 706 irruat
343 641 376 704 in
392 644 532 721 gentem:
550 639 676 723 iniquos
691 640 778 704 enim
794 657 990 724 aggressores
1010 644 1247 727 compescimus,
1298 705 1301 710 r

9 753 15 796 r
131 736 168 798 ut
180 728 544 814 aggressisopitulemur.
556 730 636 795 Rem
649 747 713 796 non
723 728 945 813 imaginariam
953 733 1185 815 prosequimur,
1195 734 1250 800 sed

130 837 213 905 quae
228 820 262 883 in
279 817 488 899 legationibus
499 822 532 882 et
543 816 757 901 diplomaticis
768 818 986 895 relationibus,
1000 820 1065 886 iam
1080 822 1250 906 plurimam

10 966 11 972 ,
130 910 181 976 sui
196 908 370 988 imaginem
384 905 516 972 referat.
1060 909 1063 914 '

222 993 535 1064 XILGommunibus
544 992 826 1062 consultationibus
834 995 1005 1062 condatum
1013 997 1253 1077 tribunatcom·

134 1085 225 1152 muni
241 1084 377 1152 utilitati
391 1088 426 1148 et
439 1083 511 1166 paci
523 1082 895 1168 advigilnbit,subtractis
911 1085 1065 1152 bellonam
1076 1092 1110 1153 et
1120 1088 1252 1156 seditio·

132 1191 212 1240 num
223 1172 857 1254 causisEruntigitureiusottlcia:1.illa
869 1175 1012 1257 gentium
1024 1176 1157 1253 utilitas,
1170 1193 1251 1264 quae

133 1265 169 1329 in
180 1262 315 1346 singulis
328 1261 452 1326 iuribus
467 1262 510 1327 sit
524 1263 709 1330 constituta.
723 1263 757 1328 2.
770 1259 891 1330 Mutuis
905 1282 939 1330 se
955 1264 1193 1332 benevolentiae
1204 1265 1252 1339 oi-

133 1351 216 1418 ilclis
231 1350 391 1436 prosequi,
404 1356 442 1416 ut
453 1367 516 1433 pnx
528 1351 570 1418 sit
581 1350 710 1435 pulchra
721 1355 754 1416 et
765 1350 926 1418 diuturna.
938 1351 972 1419 3.
986 1351 1149 1420 Bellorum
1159 1359 1192 1422 et
1204 1374 1252 1422 se·

133 1440 293 1508 ditionum
304 1456 411 1508 causas
422 1457 586 1506 removere
595 1439 702 1523 potius
712 1455 807 1521 quam
816 1438 975 1507 cohibere.
987 1439 1153 1526 usquequo
1164 1443 1252 1510 enim

132 1547 178 1608 se,
197 1535 320 1594 armata
335 1546 423 1613 pace,
441 1529 563 1610 Europa
580 1527 748 1593 conficiet?
762 1527 992 1603 Vemntamen,
1009 1529 1123 1611 positis
1139 1532 1249 1609 armis,

134 1619 271 1702 imperia
287 1617 519 1683 subvertentur.
538 1616 622 1682 Dum
638 1617 759 1699 itaque,
776 1618 937 1682 communi
959 1617 1107 1695 consilio,
1125 1618 1251 1687 urbium

0 1770 1 1779 ,
134 1724 297 1774 eversores
305 1706 504 1781 cohibentur,
515 1705 633 1770 civium
645 1704 884 1781 educationi,et
894 1706 1099 1774 restituendis
1111 1709 1251 1774 moribus

0 1844 6 1852 ,
132 1801 167 1862 et
182 1796 336 1862 doctrinis
350 1800 478 1860 strenue
494 1793 752 1860 incumbendum:
769 1799 817 1870 ut,
831 1793 899 1860 Deo
915 1795 1052 1871 iacente,
1071 1796 1177 1862 iacens
1187 1799 1251 1863 eri·

132 1887 227 1968 gutur
237 1883 436 1950 auctoritatis
446 1882 652 1966 principium.
662 1884 732 1949 Hoc
742 1883 836 1949 unica
848 1883 905 1951 liet
915 1885 1071 1951 catholica
1081 1885 1248 1967 religione,

116 1990 213 2058 -quae
224 1991 296 2040 cum
308 1975 378 2055 ipsa
389 1973 433 2040 sit
443 1972 743 2038 auctoritaseceelo
754 1972 902 2048 demissa,
912 1973 1182 2040 ideoasocietatis
1193 1975 1252 2042 ho·

131 2062 234 2130 stibus
245 2064 398 2129 latissime
408 2066 611 2144 oppugnatur
621 2066 716 2144 atque
728 2061 942 2128 acerbissime:
952 2065 1065 2128 contra
1076 2081 1164 2142 vero,
1177 2083 1252 2147 pro·

0 2204 1 2209 ,
133 2153 369 2222 testantismum
379 2153 484 2233 primo
497 2150 666 2227 extollunt,
676 2151 731 2234 qui
744 2151 932 2234 omnigenae
940 2151 1123 2218 auctoritati
1132 2152 1250 2220 bellum

0 2292 1 2297 ,
132 2247 253 2318 movet,
266 2241 366 2306 donec
377 2240 461 2306 solus
474 2240 614 2321 imperet
624 2240 896 2306 individunlismus
910 2246 944 2308 et
958 2241 1126 2323 egoismus.
1137 2241 1198 2310 Sed
1209 2242 1256 2318 il-¹

0 2386 1 2403 ,
132 2329 246 2398 lustris
259 2345 384 2414 quoque
398 2326 590 2396 morolitatis
604 2329 749 2411 exempla
765 2329 889 2412 populis
904 2329 1078 2397 emineant.
1095 2329 1130 2398 Si
1145 2329 1250 2396 subie-

130 2422 220 2484 ctum
234 2419 381 2484 humanis
404 2417 522 2500 legibus
536 2418 689 2500 populum
704 2433 794 2498 reges
817 2418 1010 2494 desidemnt,
1028 2418 1091 2501 ipsi
1110 2419 1249 2502 primum

130 2507 197 2574 iuri
211 2507 319 2574 divino
331 2506 471 2572 frontem
483 2503 825 2572 submittant.Cessent
838 2506 1082 2590 legumlatorem
1090 2508 1248 2584 scandala,

133 2601 234 2663 cesset
254 2596 348 2663 athea
363 2596 427 2671 lex,
444 2599 477 2659 et
492 2593 639 2659 ministra
654 2595 711 2662 dat
731 2594 816 2660 iuris·
833 2593 946 2661 divini:
962 2594 1075 2677 inquo
1090 2600 1165 2662 sunt
1180 2597 1251 2671 iura

0 2741 1 2768 ,
132 2685 315 2771 principum
330 2690 364 2751 et
376 2684 580 2767 populorum,
593 2682 686 2760 ordo,
699 2685 884 2766 acquiesci
899 2683 1039 2772 libertas.
1049 2683 1132 2752 Dum
1144 2682 1253 2768 populi

130 2791 290 2843 smmum
302 2773 474 2840 reiellimus
485 2771 668 2856 imperium,
678 2771 749 2855 quis
761 2777 868 2838 tamen
879 2789 1037 2838 summum
1050 2778 1144 2854 neget
1154 2790 1254 2856 popu·

132 2862 391 2939 lommius,utcd
399 2879 599 2930 communem
611 2860 786 2929 utilitatem
796 2866 869 2944 apte
880 2866 914 2927 et
925 2866 1012 2928 recte
1022 2861 1254 2944 gubernentur?

133 2953 208 3022 Non
223 2953 254 3020 vi
267 2953 375 3038 itaque
386 2969 524 3034 semper,
532 2950 587 3018 scd
598 2949 774 3025 iustitiam
785 2950 964 3034 pmdentia,
975 2955 1009 3017 et
1016 2950 1175 3033 aequitate
1186 2969 1254 3017 ma·

133 3042 221 3108 xime
236 3059 272 3106 ac
287 3040 445 3124 pmbitate
459 3039 724 3108 contendendum.
735 3040 858 3123 llignao
872 3039 933 3112 lrae,
944 3043 1019 3105 sunt
1028 3039 1254 3123 curae,quihus

132 3130 314 3215 principum
329 3129 474 3206 Senatus,
491 3134 622 3212 augusta
637 3127 724 3195 orbis
738 3125 847 3205 Curia,
863 3145 994 3212 operam
1007 3127 1183 3212 impendat.

239 3219 333 3286 xlll.
350 3219 430 3300 Quis
449 3235 525 3286 vero
546 3217 747 3302 praesideat?
762 3215 927 3300 Sapientia
947 3219 1113 3284 desursum
1125 3219 1251 3284 descen
1293 3262 1318 3340 η
1332 3265 1411 3326 Μ
1450 3266 1487 3324 lll

133 3309 210 3376 dens
226 3306 270 3392 1);
280 3326 343 3374 non
358 3307 466 3382 homo,
482 3307 538 3372 sod
552 3307 678 3374 Deus«
694 3305 768 3376 lion
783 3307 872 3374 eninr
882 3306 1021 3374 hominis
1035 3307 1190 3375 museus
1201 3307 1250 3373 lu-
1273 3340 1318 3399 ls.
1415 3308 1436 3341 '’
1491 3312 1499 3340 ’

133 3397 266 3470 dicium,
283 3397 337 3462 sed
352 3396 484 3463 Domini
499 3393 543 3480 2).
559 3418 578 3460 a
593 3396 663 3471 Ille,
681 3401 718 3463 ut
731 3412 854 3462 summa
866 3401 936 3463 erat
951 3396 1033 3464 ratio
1048 3399 1082 3462 et
1091 3413 1253 3464 summum
1286 3417 1314 3485 2)
1326 3415 1351 3474 ll
1361 3411 1499 3493 paralip.

135 3487 197 3561 ius,
216 3485 256 3549 ab
270 3485 367 3551 initio
391 3485 556 3562 mamonis,
573 3484 670 3552 sicin
685 3485 749 3552 line
771 3503 911 3554 summus
925 3484 964 3554 at
977 3490 1083 3552 rector
1095 3492 1129 3554 et
1142 3485 1248 3555 iudex,
1270 3491 1343 3564 xlx,
1361 3493 1390 3550 t.

134 3573 255 3642 Metam
270 3574 378 3661 itaque
391 3574 594 3660 contigimus,
610 3573 828 3644 contrahimus
842 3575 922 3652 uela,
940 3579 973 3642 et
988 3575 1216 3642 concludimus.
