3224 5282
572 299 766 352 ripuensis.
1122 285 1186 355 123

108 455 160 514 tas
171 451 233 521 est,
259 451 295 513 ut
310 445 401 512 Plato
418 447 565 521 affirmat,
592 447 678 514 inter
692 447 871 532 inaequalia
887 445 1036 513 inducere
1059 450 1239 535 aequalita··

110 544 177 603 tem
194 536 262 601 sine
279 536 365 600 iusto
377 538 594 616 proportione.

201 624 261 690 Vl.
279 626 317 690 ln
333 624 431 690 altera
447 629 554 690 autem
568 629 669 708 parte,
686 626 770 710 quod
785 626 871 692 idem
886 629 997 692 monet
1013 627 1115 704 Plato.
1134 647 1234 714 regna

109 713 321 781 seditionibus
342 713 523 796 implevisse
541 715 742 798 aequalitatis
764 719 798 781 et
812 714 1049 798 inaequalitatis
1073 722 1230 795 extrema,

111 803 234 872 factum
249 808 298 868 est
310 804 454 869 omnium
466 803 677 871 saeculorum.
702 806 798 879 Nam,
816 805 942 886 vigente
957 803 1154 888 captivitate,
1177 807 1235 891 qul

114 892 265 975 antiquus
279 897 348 959 arat
362 893 598 978 inaequalitatis
610 911 765 970 excessus,
775 895 1024 960 insurrectiones
1035 896 1234 976 captivomm

114 982 149 1047 in
161 981 311 1046 dominos
326 987 416 1048 erant
429 983 713 1064 pertimescendas.
727 985 770 1051 Et
780 1000 856 1049 sane
870 984 948 1048 illud
964 983 1147 1052 obtinuerat
1166 992 1235 1054 tru-

112 1072 276 1136 culentum
293 1069 421 1138 Catonis
436 1073 565 1136 verbum
581 1081 624 1136 tot
638 1074 765 1152 captiui,
785 1079 828 1138 tot
841 1074 952 1138 boatus.
970 1073 1144 1140 Postremis
1158 1093 1235 1143 vero

112 1160 326 1240 temporibus,
335 1160 517 1243 oppositum
527 1162 728 1242 aequalitatis
740 1179 900 1228 excessum
911 1162 1065 1228 iactantes
1073 1180 1236 1232 commen-

112 1250 206 1315 titiae
222 1249 379 1313 libertatis
395 1250 545 1324 artifices,
571 1251 649 1315 illud
665 1252 839 1316 effecerunt
859 1255 897 1316 ut
911 1267 973 1315 una
988 1251 1148 1318 societatis
1163 1263 1238 1339 pars

113 1338 148 1403 in
165 1338 313 1411 alteram,
331 1337 435 1403 minus
450 1339 572 1405 scilicet
587 1340 750 1415 habentes,
768 1337 802 1406 iri
817 1339 931 1404 divites
945 1340 1198 1422 impellerentur.

205 1426 282 1491 Vll.
300 1427 385 1508 Ergo
400 1428 487 1502 dum,
502 1445 575 1512 vera
590 1429 790 1512 aequalitate,
804 1427 1001 1510 singulorum
1016 1429 1182 1497 facultates
1198 1431 1238 1498 li·

115 1515 193 1581 bere
208 1515 406 1590 evolvuntur,
432 1517 509 1581 adeo
524 1522 561 1582 ut
576 1519 718 1600 praemia
739 1517 863 1583 meritis
877 1522 1101 1601 exaequentur,
1126 1519 1160 1584 in
1176 1535 1239 1603 qua

116 1603 335 1688 praemiorum
358 1605 583 1689 inaequalitate
606 1607 709 1672 civilis
731 1609 814 1689 viget
829 1606 1014 1689 aequalitem
1038 1624 1078 1671 ex
1094 1607 1237 1686 adverso,

116 1694 195 1760 falsa
211 1698 245 1757 et
260 1694 379 1774 agresti
394 1695 456 1759 alia
473 1692 675 1779 aequalitate,
700 1696 875 1779 personalis
891 1695 979 1761 valor
993 1701 1027 1764 et
1042 1695 1170 1763 libertas
1185 1699 1241 1764 de·

114 1783 234 1856 lentur,
252 1784 388 1848 societas
403 1784 598 1852 exscinditur
612 1789 646 1849 et
660 1786 861 1852 conteritur.¹
966 1807 969 1814 ·
1168 1807 1172 1816 ·

204 1870 298 1954 vlll,
315 1872 384 1939 Nec
405 1873 545 1938 feliciori
560 1873 649 1939 exitu
670 1875 710 1939 ad
725 1874 937 1956 frotermtotis
959 1873 1062 1939 officia
1077 1875 1242 1958 appellant

116 1959 542 2045 Communistaednquiunt:
552 1962 586 2029 Si
599 1981 710 2028 omnes
722 1964 836 2029 fratres
848 1962 1018 2038 nascimur,
1026 1980 1083 2029 cur
1094 1981 1160 2029 non
1171 1983 1242 2030 om·

117 2067 178 2115 nes
194 2050 383 2125 bonoribus,
400 2052 526 2133 opibus,
553 2052 700 2132 gradibus
715 2058 749 2118 et
763 2051 952 2118 ministeriis
967 2051 1112 2118 civilibus
1128 2071 1243 2137 aequa·

115 2140 193 2206 liter
207 2140 365 2221 potimur?
376 2138 440 2206 Cur
454 2141 489 2205 in
505 2140 616 2204 eadem
631 2142 739 2219 domo,
751 2159 832 2224 quae
847 2141 980 2206 mundus
996 2145 1054 2216 est,
1063 2142 1121 2226 alii
1137 2142 1243 2225 digni·

115 2227 238 2296 tatibus
253 2226 389 2310 fulgent,
415 2229 471 2294 alii
486 2229 715 2312 despiciuntur;
741 2232 797 2296 alii
813 2231 985 2304 abundant,
1012 2231 1068 2295 alii
1083 2231 1242 2298 esuriunt?

114 2317 265 2386 Reddant
287 2319 388 2400 igitur
402 2317 572 2399 aliquando
594 2321 791 2402 potentiores
805 2319 933 2396 saeculi,
956 2337 1037 2406 quae
1052 2320 1190 2388 infirmis
1204 2335 1242 2387 ac

116 2407 245 2472 miseris
261 2406 413 2472 fratribus
427 2407 548 2472 sublata
564 2414 649 2475 sunt.
666 2409 753 2474 Haec
767 2410 828 2475 illi.

207 2497 270 2562 lx.
284 2495 492 2577 Reponimus.
505 2496 694 2565 suauissima
706 2517 778 2575 vox,
792 2493 987 2564 fraternitas!
1004 2496 1173 2580 llli‘igitur
1186 2513 1243 2564 ne·

116 2583 246 2668 quiores
267 2586 322 2669 qui
337 2602 407 2650 eam
429 2590 591 2669 tamquam
614 2587 773 2652 flammam
793 2588 1028 2652 insacietatem
1049 2586 1242 2653 iaculantur.

117 2673 189 2744 Una
209 2691 321 2738 omnes
344 2674 506 2756 iungimur
524 2676 739 2750 fraternitate,
761 2677 815 2740 scd
830 2691 962 2757 magnae
982 2675 1123 2741 familiae
1143 2693 1245 2742 mern·

116 2764 176 2828 bra
192 2764 359 2829 constituti
376 2781 494 2837 sumus,
515 2764 549 2828 in
564 2783 626 2846 qua
641 2766 859 2830 consociamur
874 2761 1044 2847 multiplici
1060 2765 1246 2830 facultatum

117 2858 153 2918 et
164 2853 343 2918 officiorum
356 2854 520 2918 varietate.
530 2854 611 2926 imo,
624 2867 721 2916 unum
732 2871 847 2934 corpus
859 2853 1013 2929 sumus,si
1026 2854 1140 2919 malint
1151 2853 1246 2920 Gom·

119 2943 290 3017 munistae,
301 2943 335 3006 in
349 2961 411 3025 quo
426 2941 535 3006 cm'nia
550 2943 692 3006 membra
705 2959 769 3006 una
780 2947 1043 3024 coagmentantur
1057 2943 1192 3017 unitate,
1207 2942 1247 3006 li·

119 3037 174 3097 oet
193 3031 306 3096 officiis
328 3031 507 3096 dissimilia.
532 3030 625 3110 Quod
639 3031 779 3112 optimus
802 3031 946 3112 exposuit
968 3031 1243 3115 philosophoruma

121 3120 244 3195 «Nam,
255 3121 313 3193 ait,
323 3125 357 3185 et
373 3131 487 3202 corpus
503 3138 568 3184 non
583 3124 632 3186 est
645 3121 946 3194 unummembrum,
957 3121 1011 3184 sed
1027 3121 1137 3184 multa.
1150 3118 1246 3215 sipi·

119 3210 205 3275 xerit
220 3227 288 3292 pes:
304 3209 465 3289 Quoniam
481 3227 544 3273 nou
561 3227 630 3274 sum
644 3227 767 3282 manuus,
786 3226 851 3284 noq
866 3219 935 3272 sum
950 3208 989 3272 de
1004 3223 1150 3291 corpore:
1168 3226 1245 3273 num

120 3297 194 3364 ideo
210 3317 277 3364 non
291 3304 340 3364 est
354 3299 393 3363 de
408 3298 556 3382 corporei
570 3298 614 3364 Et
629 3298 656 3362 si
671 3299 789 3364 dixerit
803 3297 902 3362 auris:
919 3297 1080 3377 Quoniam
1095 3314 1163 3362 non
1175 3314 1246 3362 sum

121 3387 243 3463 oculus,
261 3406 326 3452 uon
340 3406 410 3453 sum
425 3388 464 3452 de
480 3405 626 3470 corpore:
645 3406 721 3453 num
737 3388 809 3452 ideo
826 3391 954 3452 nonest
969 3386 1008 3451 de
1023 3383 1244 3470 corporel1)»
1290 3377 1314 3447 ll
1335 3379 1363 3439 S·
1382 3377 1494 3452 mulus,

121 3477 252 3560 dpari,
265 3477 300 3542 in
315 3493 429 3558 magna
445 3477 610 3542 bominum
625 3476 757 3555 familia,
776 3493 886 3542 omnes
900 3475 1028 3551 fratres,
1045 3475 1246 3560 eiusdemque
1266 3453 1495 3533 mantiam·

122 3567 264 3650 corporis
279 3567 421 3632 membra
432 3566 668 3640 constituimur,
678 3566 711 3630 in
724 3567 790 3650 ipsa
803 3583 970 3631 munerum
982 3571 1015 3631 ct
1026 3565 1248 3632 conditionum
1272 3532 1369 3592 Μ’

123 3657 289 3722 uarietate.
303 3655 392 3736 Quae
407 3656 542 3722 varietas
556 3655 732 3739 requiritur
743 3656 782 3720 ad
794 3655 892 3722 totius
903 3655 1046 3735 corporis
1056 3654 1245 3721 utilitatem.

123 3745 331 3830 Prosequitur
345 3745 444 3810 enim:
463 3765 481 3805 u
498 3744 534 3812 Si
549 3750 653 3810 totum
668 3761 781 3828 eorpus
795 3744 913 3819 oculus,
922 3743 978 3808 ubi
993 3743 1133 3810 auditus?
1148 3745 1182 3813 si
1198 3749 1249 3809 to-

123 3837 192 3900 tum
208 3835 346 3910 auditus,
360 3835 414 3900 ubi
429 3834 592 3900 odoratus?
603 3833 695 3902 Nunc
711 3839 816 3900 autem
832 3834 938 3916 posuit
948 3833 1031 3899 Deus
1043 3833 1198 3909 membra,
1210 3850 1248 3897 u·

89 3933 97 3942 ·
125 3923 349 4008 numquodque
364 3924 399 3988 in
414 3942 549 4006 corpore
564 3924 645 3990 sicut
660 3924 768 3990 voluit.
778 3924 897 4004 Quodsi
912 3927 1016 3989 esseut
1030 3924 1138 3988 omnia
1149 3937 1249 3989 unum

126 4005 317 4091 me‘mbmm
335 4013 390 4078 ubi
406 4013 534 4098 corpus?
552 4015 644 4082 Nunc
659 4019 767 4081 autem
783 4013 884 4080 multa
899 4013 1027 4098 quidem
1042 4013 1197 4086 membra,
1213 4029 1250 4078 u·

125 4119 201 4168 num
217 4108 326 4169 autem
341 4121 452 4186 corpus
466 4101 511 4187 2).
528 4126 546 4166 n
562 4104 711 4170 Nonnoa
727 4104 798 4185 pari
822 4101 1014 4186 expostulari
1030 4107 1147 4188 posset:
1165 4099 1250 4182 Quid
1284 4094 1312 4175 2)
1323 4095 1497 4174 liiidie&

124 4191 312 4269 alcmundo,
333 4186 412 4275 quid
428 4194 467 4258 de
481 4192 593 4259 sociali
609 4193 722 4258 ordine
740 4197 774 4259 et
790 4196 927 4267 textura,
951 4192 978 4258 si
995 4209 1106 4257 omnes
1120 4190 1248 4265 divites,

125 4280 154 4346 si
169 4298 281 4348 omnes
304 4282 499 4368 philosophi,
524 4283 572 4349 vel
587 4282 802 4365 magistratus,
828 4284 875 4347 vel
892 4280 998 4364 reges?
1021 4281 1081 4347 Vel
1097 4279 1124 4346 si
1140 4293 1251 4346 omnes

126 4377 335 4450 mercatores,
353 4372 407 4440 ubi
422 4371 597 4456 agricolae?
608 4372 689 4441 litai
704 4389 815 4440 omnes
829 4369 1067 4456 agricolaa,‘ubi
1083 4369 1201 4438 utiam
1213 4365 1251 4434 li·

125 4459 282 4532 beralium
297 4462 459 4546 magistri?

218 4551 263 4620 x.
285 4551 369 4620 ilinc
383 4556 483 4637 patet,
502 4553 540 4620 ad
556 4549 810 4620 constituendam
833 4550 1030 4630 societatem,
1051 4546 1133 4614 unte
1149 4543 1252 4611 oritun
