<?xml version="1.0" encoding="UTF-8"?>
<!DOCTYPE html PUBLIC "-//W3C//DTD XHTML 1.0 Transitional//EN"
    "http://www.w3.org/TR/xhtml1/DTD/xhtml1-transitional.dtd">
<html xmlns="http://www.w3.org/1999/xhtml" xml:lang="en" lang="en">
 <head>
  <title>
</title>
<meta http-equiv="Content-Type" content="text/html;charset=utf-8" />
  <meta name='ocr-system' content='tesseract 3.04.00' />
  <meta name='ocr-capabilities' content='ocr_page ocr_carea ocr_par ocr_line ocrx_word'/>
</head>
<body>
  <div class='ocr_page' id='page_1' title='image "./iurisnaturaeetg01audigoog_0367.png"; bbox 0 0 3228 5280; ppageno 0'>
   <div class='ocr_carea' id='block_1_1' title="bbox 449 281 1044 378">
    <p class='ocr_par' dir='ltr' id='par_1_1' title="bbox 449 281 1044 378">
     <span class='ocr_line' id='line_1_1' title="bbox 449 281 1044 378; baseline -0.007 -27"><span class='ocrx_word' id='word_1_1' title='bbox 449 281 516 352; x_wconf 71' lang='lat' dir='ltr'><strong>tti</strong></span> <span class='ocrx_word' id='word_1_2' title='bbox 885 281 981 349; x_wconf 79' lang='lat' dir='ltr'><strong>uara</strong></span> <span class='ocrx_word' id='word_1_3' title='bbox 994 295 1044 378; x_wconf 71' lang='lat' dir='ltr'><strong>vn.</strong></span> 
     </span>
    </p>
   </div>
   <div class='ocr_carea' id='block_1_2' title="bbox 156 443 1519 4623">
    <p class='ocr_par' dir='ltr' id='par_1_2' title="bbox 402 443 1519 534">
     <span class='ocr_line' id='line_1_2' title="bbox 402 443 1519 534; baseline 0.004 -22"><span class='ocrx_word' id='word_1_4' title='bbox 402 449 464 525; x_wconf 88' lang='lat' dir='ltr'><strong>ius,</strong></span> <span class='ocrx_word' id='word_1_5' title='bbox 475 449 644 533; x_wconf 87' lang='lat' dir='ltr'><strong>prudentia</strong></span> <span class='ocrx_word' id='word_1_6' title='bbox 660 445 906 530; x_wconf 86' lang='lat' dir='ltr'><strong>respiciimedia</strong></span> <span class='ocrx_word' id='word_1_7' title='bbox 922 449 956 512; x_wconf 91' lang='lat' dir='ltr'><strong>et</strong></span> <span class='ocrx_word' id='word_1_8' title='bbox 967 444 1106 510; x_wconf 83' lang='lat' dir='ltr'><strong>allectus.</strong></span> <span class='ocrx_word' id='word_1_9' title='bbox 1120 443 1230 510; x_wconf 74' lang='lat' dir='ltr'><strong>Altera</strong></span> <span class='ocrx_word' id='word_1_10' title='bbox 1244 445 1389 514; x_wconf 83' lang='lat' dir='ltr'><strong>moditio</strong></span> <span class='ocrx_word' id='word_1_11' title='bbox 1400 455 1453 516; x_wconf 87' lang='lat' dir='ltr'><strong>est</strong></span> <span class='ocrx_word' id='word_1_12' title='bbox 1465 469 1519 534; x_wconf 86' lang='lat' dir='ltr'><strong>pu-</strong></span> 
     </span>
    </p>

    <p class='ocr_par' dir='ltr' id='par_1_3' title="bbox 402 533 1517 618">
     <span class='ocr_line' id='line_1_3' title="bbox 402 533 1517 618; baseline 0.004 -16"><span class='ocrx_word' id='word_1_13' title='bbox 402 537 538 616; x_wconf 78' lang='lat' dir='ltr'><strong>blicitus,</strong></span> <span class='ocrx_word' id='word_1_14' title='bbox 551 543 587 604; x_wconf 93' lang='lat' dir='ltr'><strong>ut</strong></span> <span class='ocrx_word' id='word_1_15' title='bbox 599 537 752 603; x_wconf 88' lang='lat' dir='ltr'><strong>nimirum</strong></span> <span class='ocrx_word' id='word_1_16' title='bbox 761 535 843 601; x_wconf 87' lang='lat' dir='ltr'><strong>bella</strong></span> <span class='ocrx_word' id='word_1_17' title='bbox 855 553 874 599; x_wconf 90' lang='lat' dir='ltr'><strong>a</strong></span> <span class='ocrx_word' id='word_1_18' title='bbox 885 534 1009 618; x_wconf 88' lang='lat' dir='ltr'><strong>publicu</strong></span> <span class='ocrx_word' id='word_1_19' title='bbox 1020 533 1074 598; x_wconf 89' lang='lat' dir='ltr'><strong>illa</strong></span> <span class='ocrx_word' id='word_1_20' title='bbox 1085 549 1215 616; x_wconf 87' lang='lat' dir='ltr'><strong>persona</strong></span> <span class='ocrx_word' id='word_1_21' title='bbox 1226 533 1425 613; x_wconf 83' lang='lat' dir='ltr'><strong>iudicentur,</strong></span> <span class='ocrx_word' id='word_1_22' title='bbox 1439 541 1517 608; x_wconf 88' lang='lat' dir='ltr'><strong>ultra</strong></span> 
     </span>
    </p>

    <p class='ocr_par' dir='ltr' id='par_1_4' title="bbox 401 623 1517 710">
     <span class='ocr_line' id='line_1_4' title="bbox 401 623 1517 710; baseline -0.002 -16"><span class='ocrx_word' id='word_1_23' title='bbox 401 645 497 710; x_wconf 86' lang='lat' dir='ltr'><strong>quam</strong></span> <span class='ocrx_word' id='word_1_24' title='bbox 508 626 589 692; x_wconf 91' lang='lat' dir='ltr'><strong>nibil</strong></span> <span class='ocrx_word' id='word_1_25' title='bbox 604 627 660 692; x_wconf 83' lang='lat' dir='ltr'><strong>sit.</strong></span> <span class='ocrx_word' id='word_1_26' title='bbox 676 625 797 700; x_wconf 84' lang='lat' dir='ltr'><strong>Tertia,</strong></span> <span class='ocrx_word' id='word_1_27' title='bbox 815 629 851 691; x_wconf 91' lang='lat' dir='ltr'><strong>ut</strong></span> <span class='ocrx_word' id='word_1_28' title='bbox 866 624 1069 689; x_wconf 74' lang='lat' dir='ltr'><strong>moderamen</strong></span> <span class='ocrx_word' id='word_1_29' title='bbox 1084 627 1226 688; x_wconf 89' lang='lat' dir='ltr'><strong>servetur</strong></span> <span class='ocrx_word' id='word_1_30' title='bbox 1241 623 1426 707; x_wconf 70' lang='lat' dir='ltr'><strong>inculpatae</strong></span> <span class='ocrx_word' id='word_1_31' title='bbox 1438 633 1517 695; x_wconf 74' lang='lat' dir='ltr'><strong>tute·</strong></span> 
     </span>
    </p>

    <p class='ocr_par' dir='ltr' id='par_1_5' title="bbox 178 710 1516 798">
     <span class='ocr_line' id='line_1_5' title="bbox 178 710 1516 798; baseline -0.004 -10"><span class='ocrx_word' id='word_1_32' title='bbox 178 719 202 788; x_wconf 76' lang='lat' dir='ltr'><strong>ll</strong></span> <span class='ocrx_word' id='word_1_33' title='bbox 215 719 273 775; x_wconf 80' lang='lat' dir='ltr'><strong>bib.</strong></span> <span class='ocrx_word' id='word_1_34' title='bbox 287 718 322 788; x_wconf 84' lang='lat' dir='ltr'><strong>ll,</strong></span> <span class='ocrx_word' id='word_1_35' title='bbox 337 714 380 771; x_wconf 83' lang='lat' dir='ltr'><strong>tit.</strong></span> <span class='ocrx_word' id='word_1_36' title='bbox 401 716 462 792; x_wconf 85' lang='lat' dir='ltr'><strong>lae,</strong></span> <span class='ocrx_word' id='word_1_37' title='bbox 473 716 513 781; x_wconf 91' lang='lat' dir='ltr'><strong>de</strong></span> <span class='ocrx_word' id='word_1_38' title='bbox 523 734 586 798; x_wconf 85' lang='lat' dir='ltr'><strong>qun</strong></span> <span class='ocrx_word' id='word_1_39' title='bbox 593 715 672 779; x_wconf 90' lang='lat' dir='ltr'><strong>alibi</strong></span> <span class='ocrx_word' id='word_1_40' title='bbox 683 714 820 782; x_wconf 85' lang='lat' dir='ltr'><strong>diximus</strong></span> <span class='ocrx_word' id='word_1_41' title='bbox 828 711 1091 796; x_wconf 85' lang='lat' dir='ltr'><strong>l).1{cbraenrum</strong></span> <span class='ocrx_word' id='word_1_42' title='bbox 1104 710 1195 784; x_wconf 84' lang='lat' dir='ltr'><strong>bella.</strong></span> <span class='ocrx_word' id='word_1_43' title='bbox 1205 711 1424 794; x_wconf 83' lang='lat' dir='ltr'><strong>quibusanen</strong></span> <span class='ocrx_word' id='word_1_44' title='bbox 1437 717 1516 784; x_wconf 78' lang='lat' dir='ltr'><strong>ianr</strong></span> 
     </span>
    </p>

    <p class='ocr_par' dir='ltr' id='par_1_6' title="bbox 156 795 1516 890">
     <span class='ocr_line' id='line_1_6' title="bbox 156 795 1516 890; baseline 0.004 -24"><span class='ocrx_word' id='word_1_45' title='bbox 156 795 215 866; x_wconf 84' lang='lat' dir='ltr'><strong>llll,</strong></span> <span class='ocrx_word' id='word_1_46' title='bbox 231 795 317 859; x_wconf 65' lang='grc' dir='ltr'><strong>ΠΗ·</strong></span> <span class='ocrx_word' id='word_1_47' title='bbox 400 805 591 890; x_wconf 87' lang='lat' dir='ltr'><strong>populorum</strong></span> <span class='ocrx_word' id='word_1_48' title='bbox 605 803 797 871; x_wconf 85' lang='lat' dir='ltr'><strong>exterminia</strong></span> <span class='ocrx_word' id='word_1_49' title='bbox 812 801 1036 885; x_wconf 88' lang='lat' dir='ltr'><strong>implebantur,</strong></span> <span class='ocrx_word' id='word_1_50' title='bbox 1047 797 1086 866; x_wconf 89' lang='lat' dir='ltr'><strong>ad</strong></span> <span class='ocrx_word' id='word_1_51' title='bbox 1101 799 1179 864; x_wconf 90' lang='lat' dir='ltr'><strong>iuris</strong></span> <span class='ocrx_word' id='word_1_52' title='bbox 1189 804 1322 867; x_wconf 85' lang='lat' dir='ltr'><strong>naturae</strong></span> <span class='ocrx_word' id='word_1_53' title='bbox 1336 806 1516 888; x_wconf 85' lang='lat' dir='ltr'><strong>exemplum</strong></span> 
     </span>
    </p>

    <p class='ocr_par' dir='ltr' id='par_1_7' title="bbox 401 889 1517 978">
     <span class='ocr_line' id='line_1_7' title="bbox 401 889 1517 978; baseline 0.003 -19"><span class='ocrx_word' id='word_1_54' title='bbox 401 894 535 960; x_wconf 90' lang='lat' dir='ltr'><strong>minime</strong></span> <span class='ocrx_word' id='word_1_55' title='bbox 550 893 744 960; x_wconf 88' lang='lat' dir='ltr'><strong>adducenda.</strong></span> <span class='ocrx_word' id='word_1_56' title='bbox 761 891 805 960; x_wconf 91' lang='lat' dir='ltr'><strong>Ut</strong></span> <span class='ocrx_word' id='word_1_57' title='bbox 819 895 930 974; x_wconf 74' lang='lat' dir='ltr'><strong>genta</strong></span> <span class='ocrx_word' id='word_1_58' title='bbox 944 889 1077 964; x_wconf 89' lang='lat' dir='ltr'><strong>amicae,</strong></span> <span class='ocrx_word' id='word_1_59' title='bbox 1095 889 1313 955; x_wconf 82' lang='lat' dir='ltr'><strong>oumnatione</strong></span> <span class='ocrx_word' id='word_1_60' title='bbox 1327 891 1451 960; x_wconf 86' lang='lat' dir='ltr'><strong>bellum</strong></span> <span class='ocrx_word' id='word_1_61' title='bbox 1466 913 1517 978; x_wconf 75' lang='lat' dir='ltr'><strong>ge·</strong></span> 
     </span>
    </p>

    <p class='ocr_par' dir='ltr' id='par_1_8' title="bbox 400 977 1517 1064">
     <span class='ocr_line' id='line_1_8' title="bbox 400 977 1517 1064; baseline 0.004 -18"><span class='ocrx_word' id='word_1_62' title='bbox 400 988 504 1060; x_wconf 89' lang='lat' dir='ltr'><strong>rente,</strong></span> <span class='ocrx_word' id='word_1_63' title='bbox 521 983 669 1048; x_wconf 84' lang='lat' dir='ltr'><strong>innoxias</strong></span> <span class='ocrx_word' id='word_1_64' title='bbox 683 980 988 1049; x_wconf 75' lang='lat' dir='ltr'><strong>communicationes</strong></span> <span class='ocrx_word' id='word_1_65' title='bbox 1003 983 1035 1046; x_wconf 90' lang='lat' dir='ltr'><strong>et</strong></span> <span class='ocrx_word' id='word_1_66' title='bbox 1048 977 1239 1044; x_wconf 88' lang='lat' dir='ltr'><strong>commercia</strong></span> <span class='ocrx_word' id='word_1_67' title='bbox 1261 980 1485 1064; x_wconf 70' lang='lat' dir='ltr'><strong>intercipiant,</strong></span> <span class='ocrx_word' id='word_1_68' title='bbox 1501 1004 1517 1050; x_wconf 87' lang='lat' dir='ltr'><strong>a</strong></span> 
     </span>
    </p>

    <p class='ocr_par' dir='ltr' id='par_1_9' title="bbox 297 1066 1517 1152">
     <span class='ocr_line' id='line_1_9' title="bbox 297 1066 1517 1152; baseline 0.002 -16"><span class='ocrx_word' id='word_1_69' title='bbox 297 1143 299 1149; x_wconf 57' lang='grc'>,</span> <span class='ocrx_word' id='word_1_70' title='bbox 400 1072 529 1137; x_wconf 91' lang='lat' dir='ltr'><strong>natione</strong></span> <span class='ocrx_word' id='word_1_71' title='bbox 544 1072 644 1138; x_wconf 82' lang='lat' dir='ltr'><strong>altera</strong></span> <span class='ocrx_word' id='word_1_72' title='bbox 662 1071 749 1136; x_wconf 93' lang='lat' dir='ltr'><strong>nullo</strong></span> <span class='ocrx_word' id='word_1_73' title='bbox 763 1070 835 1136; x_wconf 87' lang='lat' dir='ltr'><strong>iure</strong></span> <span class='ocrx_word' id='word_1_74' title='bbox 845 1069 930 1152; x_wconf 74' lang='lat' dir='ltr'><strong>exigi</strong></span> <span class='ocrx_word' id='word_1_75' title='bbox 945 1071 1062 1151; x_wconf 86' lang='lat' dir='ltr'><strong>potest:</strong></span> <span class='ocrx_word' id='word_1_76' title='bbox 1076 1066 1158 1132; x_wconf 87' lang='lat' dir='ltr'><strong>uude</strong></span> <span class='ocrx_word' id='word_1_77' title='bbox 1170 1067 1315 1134; x_wconf 88' lang='lat' dir='ltr'><strong>laudatur</strong></span> <span class='ocrx_word' id='word_1_78' title='bbox 1325 1069 1378 1136; x_wconf 84' lang='lat' dir='ltr'><strong>Pii</strong></span> <span class='ocrx_word' id='word_1_79' title='bbox 1389 1071 1456 1138; x_wconf 76' lang='lat' dir='ltr'><strong>vll</strong></span> <span class='ocrx_word' id='word_1_80' title='bbox 1467 1091 1517 1139; x_wconf 86' lang='lat' dir='ltr'><strong>ae-</strong></span> 
     </span>
    </p>

    <p class='ocr_par' dir='ltr' id='par_1_10' title="bbox 399 1155 1517 1244">
     <span class='ocr_line' id='line_1_10' title="bbox 399 1155 1517 1244; baseline -0.002 -20"><span class='ocrx_word' id='word_1_81' title='bbox 399 1177 460 1243; x_wconf 88' lang='lat' dir='ltr'><strong>qua</strong></span> <span class='ocrx_word' id='word_1_82' title='bbox 475 1179 578 1235; x_wconf 90' lang='lat' dir='ltr'><strong>mens,</strong></span> <span class='ocrx_word' id='word_1_83' title='bbox 595 1160 714 1226; x_wconf 89' lang='lat' dir='ltr'><strong>invicta</strong></span> <span class='ocrx_word' id='word_1_84' title='bbox 729 1158 921 1226; x_wconf 83' lang='lat' dir='ltr'><strong>tortitudine</strong></span> <span class='ocrx_word' id='word_1_85' title='bbox 935 1157 1017 1222; x_wconf 88' lang='lat' dir='ltr'><strong>iussa</strong></span> <span class='ocrx_word' id='word_1_86' title='bbox 1031 1155 1207 1222; x_wconf 89' lang='lat' dir='ltr'><strong>reiicientis</strong></span> <span class='ocrx_word' id='word_1_87' title='bbox 1222 1157 1328 1238; x_wconf 78' lang='lat' dir='ltr'><strong>gallici</strong></span> <span class='ocrx_word' id='word_1_88' title='bbox 1343 1157 1517 1244; x_wconf 81' lang='lat' dir='ltr'><strong>imperato-</strong></span> 
     </span>
    </p>

    <p class='ocr_par' dir='ltr' id='par_1_11' title="bbox 399 1245 1518 1328">
     <span class='ocr_line' id='line_1_11' title="bbox 399 1245 1518 1328; baseline 0.006 -17"><span class='ocrx_word' id='word_1_89' title='bbox 399 1249 456 1324; x_wconf 88' lang='lat' dir='ltr'><strong>ris,</strong></span> <span class='ocrx_word' id='word_1_90' title='bbox 471 1255 507 1315; x_wconf 95' lang='lat' dir='ltr'><strong>ut</strong></span> <span class='ocrx_word' id='word_1_91' title='bbox 519 1249 573 1314; x_wconf 89' lang='lat' dir='ltr'><strong>ille</strong></span> <span class='ocrx_word' id='word_1_92' title='bbox 585 1267 603 1313; x_wconf 89' lang='lat' dir='ltr'><strong>a</strong></span> <span class='ocrx_word' id='word_1_93' title='bbox 615 1248 834 1314; x_wconf 88' lang='lat' dir='ltr'><strong>communibus</strong></span> <span class='ocrx_word' id='word_1_94' title='bbox 845 1265 885 1312; x_wconf 83' lang='lat' dir='ltr'><strong>ex</strong></span> <span class='ocrx_word' id='word_1_95' title='bbox 896 1247 966 1311; x_wconf 90' lang='lat' dir='ltr'><strong>iure</strong></span> <span class='ocrx_word' id='word_1_96' title='bbox 977 1245 1118 1328; x_wconf 78' lang='lat' dir='ltr'><strong>gentium</strong></span> <span class='ocrx_word' id='word_1_97' title='bbox 1129 1262 1201 1309; x_wconf 87' lang='lat' dir='ltr'><strong>cum</strong></span> <span class='ocrx_word' id='word_1_98' title='bbox 1209 1245 1375 1313; x_wconf 86' lang='lat' dir='ltr'><strong>Britannis</strong></span> <span class='ocrx_word' id='word_1_99' title='bbox 1386 1251 1518 1317; x_wconf 88' lang='lat' dir='ltr'><strong>relatio-</strong></span> 
     </span>
    </p>

    <p class='ocr_par' dir='ltr' id='par_1_12' title="bbox 399 1334 1514 1418">
     <span class='ocr_line' id='line_1_12' title="bbox 399 1334 1514 1418; baseline 0.003 -16"><span class='ocrx_word' id='word_1_100' title='bbox 399 1339 491 1404; x_wconf 88' lang='lat' dir='ltr'><strong>nibus</strong></span> <span class='ocrx_word' id='word_1_101' title='bbox 505 1336 678 1403; x_wconf 85' lang='lat' dir='ltr'><strong>recederet.</strong></span> <span class='ocrx_word' id='word_1_102' title='bbox 696 1340 801 1403; x_wconf 77' lang='lat' dir='ltr'><strong>Atrox</strong></span> <span class='ocrx_word' id='word_1_103' title='bbox 814 1335 891 1401; x_wconf 93' lang='lat' dir='ltr'><strong>belli</strong></span> <span class='ocrx_word' id='word_1_104' title='bbox 906 1336 968 1410; x_wconf 91' lang='lat' dir='ltr'><strong>ius,</strong></span> <span class='ocrx_word' id='word_1_105' title='bbox 982 1353 1045 1417; x_wconf 88' lang='lat' dir='ltr'><strong>quo</strong></span> <span class='ocrx_word' id='word_1_106' title='bbox 1057 1334 1200 1416; x_wconf 77' lang='lat' dir='ltr'><strong>gentium</strong></span> <span class='ocrx_word' id='word_1_107' title='bbox 1211 1335 1304 1402; x_wconf 79' lang='lat' dir='ltr'><strong>rebus</strong></span> <span class='ocrx_word' id='word_1_108' title='bbox 1319 1341 1352 1402; x_wconf 84' lang='lat' dir='ltr'><strong>et</strong></span> <span class='ocrx_word' id='word_1_109' title='bbox 1368 1341 1514 1418; x_wconf 76' lang='lat' dir='ltr'><strong>pemanis</strong></span> 
     </span>
    </p>

    <p class='ocr_par' dir='ltr' id='par_1_13' title="bbox 399 1423 1517 1507">
     <span class='ocr_line' id='line_1_13' title="bbox 399 1423 1517 1507; baseline 0.004 -17"><span class='ocrx_word' id='word_1_110' title='bbox 399 1425 562 1492; x_wconf 87' lang='lat' dir='ltr'><strong>damnatio</strong></span> <span class='ocrx_word' id='word_1_111' title='bbox 578 1425 786 1501; x_wconf 81' lang='lat' dir='ltr'><strong>inferebatur,</strong></span> <span class='ocrx_word' id='word_1_112' title='bbox 805 1425 919 1507; x_wconf 77' lang='lat' dir='ltr'><strong>religio</strong></span> <span class='ocrx_word' id='word_1_113' title='bbox 935 1423 1128 1499; x_wconf 84' lang='lat' dir='ltr'><strong>amandavit,</strong></span> <span class='ocrx_word' id='word_1_114' title='bbox 1141 1441 1211 1488; x_wconf 87' lang='lat' dir='ltr'><strong>rem</strong></span> <span class='ocrx_word' id='word_1_115' title='bbox 1226 1424 1364 1490; x_wconf 82' lang='lat' dir='ltr'><strong>adiciens</strong></span> <span class='ocrx_word' id='word_1_116' title='bbox 1377 1428 1517 1494; x_wconf 85' lang='lat' dir='ltr'><strong>strictis-</strong></span> 
     </span>
    </p>

    <p class='ocr_par' dir='ltr' id='par_1_14' title="bbox 398 1510 1518 1595">
     <span class='ocr_line' id='line_1_14' title="bbox 398 1510 1518 1595; baseline 0.003 -15"><span class='ocrx_word' id='word_1_117' title='bbox 398 1516 497 1581; x_wconf 89' lang='lat' dir='ltr'><strong>simae</strong></span> <span class='ocrx_word' id='word_1_118' title='bbox 514 1515 723 1589; x_wconf 85' lang='lat' dir='ltr'><strong>necessitatis,</strong></span> <span class='ocrx_word' id='word_1_119' title='bbox 740 1513 946 1593; x_wconf 81' lang='lat' dir='ltr'><strong>detensionis,</strong></span> <span class='ocrx_word' id='word_1_120' title='bbox 960 1517 1054 1595; x_wconf 88' lang='lat' dir='ltr'><strong>atque</strong></span> <span class='ocrx_word' id='word_1_121' title='bbox 1069 1510 1288 1578; x_wconf 86' lang='lat' dir='ltr'><strong>humanitatis.</strong></span> <span class='ocrx_word' id='word_1_122' title='bbox 1298 1514 1368 1580; x_wconf 87' lang='lat' dir='ltr'><strong>lloc</strong></span> <span class='ocrx_word' id='word_1_123' title='bbox 1379 1517 1518 1584; x_wconf 82' lang='lat' dir='ltr'><strong>rationis</strong></span> 
     </span>
    </p>

    <p class='ocr_par' dir='ltr' id='par_1_15' title="bbox 397 1600 1516 1685">
     <span class='ocr_line' id='line_1_15' title="bbox 397 1600 1516 1685; baseline 0.002 -15"><span class='ocrx_word' id='word_1_124' title='bbox 397 1623 531 1682; x_wconf 85' lang='lat' dir='ltr'><strong>canone,</strong></span> <span class='ocrx_word' id='word_1_125' title='bbox 549 1606 726 1670; x_wconf 90' lang='lat' dir='ltr'><strong>universam</strong></span> <span class='ocrx_word' id='word_1_126' title='bbox 741 1603 819 1670; x_wconf 92' lang='lat' dir='ltr'><strong>belli</strong></span> <span class='ocrx_word' id='word_1_127' title='bbox 834 1600 1117 1685; x_wconf 86' lang='lat' dir='ltr'><strong>iurisprudentiam</strong></span> <span class='ocrx_word' id='word_1_128' title='bbox 1138 1602 1397 1683; x_wconf 79' lang='lat' dir='ltr'><strong>complectimur.</strong></span> <span class='ocrx_word' id='word_1_129' title='bbox 1414 1605 1452 1670; x_wconf 86' lang='lat' dir='ltr'><strong>in</strong></span> <span class='ocrx_word' id='word_1_130' title='bbox 1466 1625 1516 1673; x_wconf 88' lang='lat' dir='ltr'><strong>re-</strong></span> 
     </span>
    </p>

    <p class='ocr_par' dir='ltr' id='par_1_16' title="bbox 393 1688 1518 1776">
     <span class='ocr_line' id='line_1_16' title="bbox 393 1688 1518 1776; baseline -0.004 -18"><span class='ocrx_word' id='word_1_131' title='bbox 393 1695 540 1773; x_wconf 81' lang='lat' dir='ltr'><strong>pellenda</strong></span> <span class='ocrx_word' id='word_1_132' title='bbox 548 1695 671 1770; x_wconf 79' lang='lat' dir='ltr'><strong>iniuria</strong></span> <span class='ocrx_word' id='word_1_133' title='bbox 679 1701 734 1757; x_wconf 83' lang='lat' dir='ltr'><strong>nul</strong></span> <span class='ocrx_word' id='word_1_134' title='bbox 746 1694 947 1770; x_wconf 69' lang='lat' dir='ltr'><strong>mndiccndn,</strong></span> <span class='ocrx_word' id='word_1_135' title='bbox 958 1690 1037 1756; x_wconf 82' lang='lat' dir='ltr'><strong>nibil</strong></span> <span class='ocrx_word' id='word_1_136' title='bbox 1045 1692 1209 1773; x_wconf 76' lang='lat' dir='ltr'><strong>aspendum,</strong></span> <span class='ocrx_word' id='word_1_137' title='bbox 1220 1688 1283 1754; x_wconf 83' lang='lat' dir='ltr'><strong>nisi</strong></span> <span class='ocrx_word' id='word_1_138' title='bbox 1296 1693 1381 1774; x_wconf 85' lang='lat' dir='ltr'><strong>pund</strong></span> <span class='ocrx_word' id='word_1_139' title='bbox 1391 1697 1518 1776; x_wconf 64' lang='lat' dir='ltr'><strong>cmu-</strong></span> 
     </span>
    </p>

    <p class='ocr_par' dir='ltr' id='par_1_17' title="bbox 396 1780 1518 1859">
     <span class='ocr_line' id='line_1_17' title="bbox 396 1780 1518 1859; baseline 0.003 -13"><span class='ocrx_word' id='word_1_140' title='bbox 396 1784 496 1848; x_wconf 83' lang='lat' dir='ltr'><strong>rr&#39;mns</strong></span> <span class='ocrx_word' id='word_1_141' title='bbox 510 1783 638 1848; x_wconf 83' lang='lat' dir='ltr'><strong>ediceret</strong></span> <span class='ocrx_word' id='word_1_142' title='bbox 654 1784 752 1848; x_wconf 73' lang='lat' dir='ltr'><strong>index</strong></span> <span class='ocrx_word' id='word_1_143' title='bbox 763 1783 810 1847; x_wconf 86' lang='lat' dir='ltr'><strong>uel</strong></span> <span class='ocrx_word' id='word_1_144' title='bbox 824 1781 975 1858; x_wconf 67' lang='lat' dir='ltr'><strong>anwed,</strong></span> <span class='ocrx_word' id='word_1_145' title='bbox 987 1780 1015 1843; x_wconf 84' lang='lat' dir='ltr'><strong>si</strong></span> <span class='ocrx_word' id='word_1_146' title='bbox 1027 1781 1156 1855; x_wconf 67' lang='lat' dir='ltr'><strong>menet,</strong></span> <span class='ocrx_word' id='word_1_147' title='bbox 1166 1781 1367 1859; x_wconf 75' lang='lat' dir='ltr'><strong>reparatione</strong></span> <span class='ocrx_word' id='word_1_148' title='bbox 1381 1800 1458 1847; x_wconf 87' lang='lat' dir='ltr'><strong>cuna</strong></span> <span class='ocrx_word' id='word_1_149' title='bbox 1468 1786 1518 1849; x_wconf 87' lang='lat' dir='ltr'><strong>in-</strong></span> 
     </span>
    </p>

    <p class='ocr_par' dir='ltr' id='par_1_18' title="bbox 396 1872 1121 1953">
     <span class='ocr_line' id='line_1_18' title="bbox 396 1872 1121 1953; baseline -0.001 -19"><span class='ocrx_word' id='word_1_150' title='bbox 396 1872 885 1953; x_wconf 81' lang='lat' dir='ltr'><strong>iuricoptimeeommenrnrotn.</strong></span> <span class='ocrx_word' id='word_1_151' title='bbox 1119 1949 1121 1952; x_wconf 10' lang='grc' dir='ltr'><strong><em>γ</em></strong></span> 
     </span>
    </p>

    <p class='ocr_par' dir='ltr' id='par_1_19' title="bbox 485 1953 1518 2042">
     <span class='ocr_line' id='line_1_19' title="bbox 485 1953 1518 2042; baseline 0.001 -15"><span class='ocrx_word' id='word_1_152' title='bbox 485 1961 529 2027; x_wconf 82' lang='lat' dir='ltr'><strong>X.</strong></span> <span class='ocrx_word' id='word_1_153' title='bbox 549 1961 611 2027; x_wconf 86' lang='lat' dir='ltr'><strong>Sed</strong></span> <span class='ocrx_word' id='word_1_154' title='bbox 626 1979 698 2025; x_wconf 83' lang='lat' dir='ltr'><strong>num</strong></span> <span class='ocrx_word' id='word_1_155' title='bbox 715 1960 875 2025; x_wconf 90' lang='lat' dir='ltr'><strong>neminem</strong></span> <span class='ocrx_word' id='word_1_156' title='bbox 886 1957 995 2023; x_wconf 89' lang='lat' dir='ltr'><strong>deceat</strong></span> <span class='ocrx_word' id='word_1_157' title='bbox 1010 1953 1147 2020; x_wconf 85' lang='lat' dir='ltr'><strong>iudicem</strong></span> <span class='ocrx_word' id='word_1_158' title='bbox 1162 1955 1232 2021; x_wconf 86' lang='lat' dir='ltr'><strong>lieri</strong></span> <span class='ocrx_word' id='word_1_159' title='bbox 1248 1956 1282 2021; x_wconf 94' lang='lat' dir='ltr'><strong>in</strong></span> <span class='ocrx_word' id='word_1_160' title='bbox 1296 1960 1432 2042; x_wconf 88' lang='lat' dir='ltr'><strong>propria</strong></span> <span class='ocrx_word' id='word_1_161' title='bbox 1443 1980 1518 2028; x_wconf 90' lang='lat' dir='ltr'><strong>cau-</strong></span> 
     </span>
    </p>

    <p class='ocr_par' dir='ltr' id='par_1_20' title="bbox 396 2043 1518 2135">
     <span class='ocr_line' id='line_1_20' title="bbox 396 2043 1518 2135; baseline 0.001 -23"><span class='ocrx_word' id='word_1_162' title='bbox 396 2066 442 2122; x_wconf 90' lang='lat' dir='ltr'><strong>sa,</strong></span> <span class='ocrx_word' id='word_1_163' title='bbox 457 2067 513 2115; x_wconf 92' lang='lat' dir='ltr'><strong>cur</strong></span> <span class='ocrx_word' id='word_1_164' title='bbox 528 2050 562 2113; x_wconf 91' lang='lat' dir='ltr'><strong>in</strong></span> <span class='ocrx_word' id='word_1_165' title='bbox 579 2051 717 2113; x_wconf 86' lang='lat' dir='ltr'><strong>maxima</strong></span> <span class='ocrx_word' id='word_1_166' title='bbox 733 2047 877 2129; x_wconf 81' lang='lat' dir='ltr'><strong>gentium</strong></span> <span class='ocrx_word' id='word_1_167' title='bbox 891 2047 1056 2119; x_wconf 86' lang='lat' dir='ltr'><strong>societate,</strong></span> <span class='ocrx_word' id='word_1_168' title='bbox 1074 2043 1159 2110; x_wconf 87' lang='lat' dir='ltr'><strong>idern</strong></span> <span class='ocrx_word' id='word_1_169' title='bbox 1173 2045 1331 2130; x_wconf 88' lang='lat' dir='ltr'><strong>princeps,</strong></span> <span class='ocrx_word' id='word_1_170' title='bbox 1350 2049 1401 2113; x_wconf 91' lang='lat' dir='ltr'><strong>vel</strong></span> <span class='ocrx_word' id='word_1_171' title='bbox 1415 2069 1518 2135; x_wconf 87' lang='lat' dir='ltr'><strong>popu-</strong></span> 
     </span>
    </p>

    <p class='ocr_par' dir='ltr' id='par_1_21' title="bbox 395 2135 1514 2220">
     <span class='ocr_line' id='line_1_21' title="bbox 395 2135 1514 2220; baseline 0.004 -18"><span class='ocrx_word' id='word_1_172' title='bbox 395 2137 456 2213; x_wconf 85' lang='lat' dir='ltr'><strong>lus,</strong></span> <span class='ocrx_word' id='word_1_173' title='bbox 471 2139 504 2200; x_wconf 91' lang='lat' dir='ltr'><strong>in</strong></span> <span class='ocrx_word' id='word_1_174' title='bbox 516 2137 637 2220; x_wconf 79' lang='lat' dir='ltr'><strong>gloriae</strong></span> <span class='ocrx_word' id='word_1_175' title='bbox 648 2138 845 2218; x_wconf 86' lang='lat' dir='ltr'><strong>aliarumque</strong></span> <span class='ocrx_word' id='word_1_176' title='bbox 859 2135 1069 2218; x_wconf 90' lang='lat' dir='ltr'><strong>cupiditatum</strong></span> <span class='ocrx_word' id='word_1_177' title='bbox 1081 2139 1180 2208; x_wconf 88' lang='lat' dir='ltr'><strong>aestu,</strong></span> <span class='ocrx_word' id='word_1_178' title='bbox 1194 2135 1232 2199; x_wconf 87' lang='lat' dir='ltr'><strong>lit</strong></span> <span class='ocrx_word' id='word_1_179' title='bbox 1244 2139 1345 2210; x_wconf 89' lang='lat' dir='ltr'><strong>actor,</strong></span> <span class='ocrx_word' id='word_1_180' title='bbox 1358 2141 1395 2203; x_wconf 88' lang='lat' dir='ltr'><strong>et</strong></span> <span class='ocrx_word' id='word_1_181' title='bbox 1406 2139 1514 2217; x_wconf 78' lang='lat' dir='ltr'><strong>iader,</strong></span> 
     </span>
    </p>

    <p class='ocr_par' dir='ltr' id='par_1_22' title="bbox 328 2222 1517 2312">
     <span class='ocr_line' id='line_1_22' title="bbox 328 2222 1517 2312; baseline 0.003 -23"><span class='ocrx_word' id='word_1_182' title='bbox 328 2236 333 2244; x_wconf 86' lang='lat'>&#39;</span> <span class='ocrx_word' id='word_1_183' title='bbox 397 2227 572 2310; x_wconf 88' lang='lat' dir='ltr'><strong>etquidem</strong></span> <span class='ocrx_word' id='word_1_184' title='bbox 589 2226 744 2291; x_wconf 72' lang='lat' dir='ltr'><strong>armatus?</strong></span> <span class='ocrx_word' id='word_1_185' title='bbox 754 2225 918 2306; x_wconf 87' lang='lat' dir='ltr'><strong>Quaenam</strong></span> <span class='ocrx_word' id='word_1_186' title='bbox 928 2222 1063 2298; x_wconf 85' lang='lat' dir='ltr'><strong>iustitia,</strong></span> <span class='ocrx_word' id='word_1_187' title='bbox 1076 2240 1156 2304; x_wconf 86' lang='lat' dir='ltr'><strong>quae</strong></span> <span class='ocrx_word' id='word_1_188' title='bbox 1168 2223 1202 2288; x_wconf 94' lang='lat' dir='ltr'><strong>in</strong></span> <span class='ocrx_word' id='word_1_189' title='bbox 1213 2241 1270 2287; x_wconf 91' lang='lat' dir='ltr'><strong>ore</strong></span> <span class='ocrx_word' id='word_1_190' title='bbox 1285 2225 1383 2306; x_wconf 78' lang='lat' dir='ltr'><strong>gladii</strong></span> <span class='ocrx_word' id='word_1_191' title='bbox 1398 2245 1517 2312; x_wconf 86' lang='lat' dir='ltr'><strong>expcn-</strong></span> 
     </span>
    </p>

    <p class='ocr_par' dir='ltr' id='par_1_23' title="bbox 396 2313 1518 2399">
     <span class='ocr_line' id='line_1_23' title="bbox 396 2313 1518 2399; baseline 0.007 -24"><span class='ocrx_word' id='word_1_192' title='bbox 396 2313 498 2379; x_wconf 79' lang='lat' dir='ltr'><strong>diturl</strong></span> <span class='ocrx_word' id='word_1_193' title='bbox 512 2315 677 2396; x_wconf 84' lang='lat' dir='ltr'><strong>Quaenam</strong></span> <span class='ocrx_word' id='word_1_194' title='bbox 688 2315 767 2381; x_wconf 90' lang='lat' dir='ltr'><strong>adeo</strong></span> <span class='ocrx_word' id='word_1_195' title='bbox 783 2320 875 2380; x_wconf 84' lang='lat' dir='ltr'><strong>atrox</strong></span> <span class='ocrx_word' id='word_1_196' title='bbox 889 2313 1019 2388; x_wconf 88' lang='lat' dir='ltr'><strong>iniuria,</strong></span> <span class='ocrx_word' id='word_1_197' title='bbox 1032 2315 1169 2394; x_wconf 78' lang='lat' dir='ltr'><strong>quae-tot</strong></span> <span class='ocrx_word' id='word_1_198' title='bbox 1185 2313 1404 2380; x_wconf 90' lang='lat' dir='ltr'><strong>innocentium</strong></span> <span class='ocrx_word' id='word_1_199' title='bbox 1416 2335 1518 2399; x_wconf 76' lang='lat' dir='ltr'><strong>ango-</strong></span> 
     </span>
    </p>

    <p class='ocr_par' dir='ltr' id='par_1_24' title="bbox 397 2399 1517 2485">
     <span class='ocr_line' id='line_1_24' title="bbox 397 2399 1517 2485; baseline 0.005 -19"><span class='ocrx_word' id='word_1_200' title='bbox 397 2402 483 2467; x_wconf 87' lang='lat' dir='ltr'><strong>ribus</strong></span> <span class='ocrx_word' id='word_1_201' title='bbox 494 2403 630 2470; x_wconf 87' lang='lat' dir='ltr'><strong>etcaede</strong></span> <span class='ocrx_word' id='word_1_202' title='bbox 641 2404 684 2469; x_wconf 89' lang='lat' dir='ltr'><strong>sit</strong></span> <span class='ocrx_word' id='word_1_203' title='bbox 696 2403 844 2468; x_wconf 87' lang='lat' dir='ltr'><strong>eluenda?</strong></span> <span class='ocrx_word' id='word_1_204' title='bbox 858 2403 1020 2485; x_wconf 87' lang='lat' dir='ltr'><strong>Quaenam</strong></span> <span class='ocrx_word' id='word_1_205' title='bbox 1032 2401 1109 2466; x_wconf 88' lang='lat' dir='ltr'><strong>baca</strong></span> <span class='ocrx_word' id='word_1_206' title='bbox 1118 2399 1311 2477; x_wconf 79' lang='lat' dir='ltr'><strong>fraternitas,</strong></span> <span class='ocrx_word' id='word_1_207' title='bbox 1322 2421 1402 2484; x_wconf 85' lang='lat' dir='ltr'><strong>quae</strong></span> <span class='ocrx_word' id='word_1_208' title='bbox 1414 2405 1449 2470; x_wconf 90' lang='lat' dir='ltr'><strong>in</strong></span> <span class='ocrx_word' id='word_1_209' title='bbox 1461 2425 1517 2472; x_wconf 89' lang='lat' dir='ltr'><strong>co-</strong></span> 
     </span>
    </p>

    <p class='ocr_par' dir='ltr' id='par_1_25' title="bbox 397 2489 1516 2579">
     <span class='ocr_line' id='line_1_25' title="bbox 397 2489 1516 2579; baseline 0.005 -23"><span class='ocrx_word' id='word_1_210' title='bbox 397 2492 496 2572; x_wconf 72' lang='lat' dir='ltr'><strong>gitata</strong></span> <span class='ocrx_word' id='word_1_211' title='bbox 512 2493 647 2558; x_wconf 87' lang='lat' dir='ltr'><strong>iratrurn</strong></span> <span class='ocrx_word' id='word_1_212' title='bbox 663 2493 882 2559; x_wconf 86' lang='lat' dir='ltr'><strong>internecione</strong></span> <span class='ocrx_word' id='word_1_213' title='bbox 892 2497 926 2558; x_wconf 89' lang='lat' dir='ltr'><strong>ct</strong></span> <span class='ocrx_word' id='word_1_214' title='bbox 940 2490 1091 2572; x_wconf 79' lang='lat' dir='ltr'><strong>sauguine</strong></span> <span class='ocrx_word' id='word_1_215' title='bbox 1107 2489 1256 2555; x_wconf 82' lang='lat' dir='ltr'><strong>laetaturi</strong></span> <span class='ocrx_word' id='word_1_216' title='bbox 1266 2491 1371 2556; x_wconf 87' lang='lat' dir='ltr'><strong>llabes</strong></span> <span class='ocrx_word' id='word_1_217' title='bbox 1382 2512 1516 2579; x_wconf 89' lang='lat' dir='ltr'><strong>corrup-</strong></span> 
     </span>
    </p>

    <p class='ocr_par' dir='ltr' id='par_1_26' title="bbox 397 2577 1515 2665">
     <span class='ocr_line' id='line_1_26' title="bbox 397 2577 1515 2665; baseline 0.004 -20"><span class='ocrx_word' id='word_1_218' title='bbox 397 2589 447 2645; x_wconf 88' lang='lat' dir='ltr'><strong>tae</strong></span> <span class='ocrx_word' id='word_1_219' title='bbox 459 2587 590 2647; x_wconf 89' lang='lat' dir='ltr'><strong>naturae</strong></span> <span class='ocrx_word' id='word_1_220' title='bbox 604 2579 801 2648; x_wconf 76' lang='lat' dir='ltr'><strong>irrefutabile</strong></span> <span class='ocrx_word' id='word_1_221' title='bbox 816 2581 982 2646; x_wconf 86' lang='lat' dir='ltr'><strong>indicium:</strong></span> <span class='ocrx_word' id='word_1_222' title='bbox 992 2581 1040 2643; x_wconf 92' lang='lat' dir='ltr'><strong>ira</strong></span> <span class='ocrx_word' id='word_1_223' title='bbox 1052 2577 1112 2644; x_wconf 84' lang='lat' dir='ltr'><strong>Dei</strong></span> <span class='ocrx_word' id='word_1_224' title='bbox 1124 2578 1157 2642; x_wconf 94' lang='lat' dir='ltr'><strong>in</strong></span> <span class='ocrx_word' id='word_1_225' title='bbox 1169 2583 1290 2660; x_wconf 59' lang='lat' dir='ltr'><strong>gentem</strong></span> <span class='ocrx_word' id='word_1_226' title='bbox 1305 2581 1402 2662; x_wconf 74' lang='lat' dir='ltr'><strong>ignis,</strong></span> <span class='ocrx_word' id='word_1_227' title='bbox 1420 2601 1515 2665; x_wconf 79' lang='lat' dir='ltr'><strong>gran-</strong></span> 
     </span>
    </p>

    <p class='ocr_par' dir='ltr' id='par_1_27' title="bbox 394 2667 1515 2757">
     <span class='ocr_line' id='line_1_27' title="bbox 394 2667 1515 2757; baseline 0.004 -24"><span class='ocrx_word' id='word_1_228' title='bbox 394 2669 449 2745; x_wconf 91' lang='lat' dir='ltr'><strong>do,</strong></span> <span class='ocrx_word' id='word_1_229' title='bbox 459 2671 590 2752; x_wconf 88' lang='lat' dir='ltr'><strong>spiritus</strong></span> <span class='ocrx_word' id='word_1_230' title='bbox 600 2671 757 2737; x_wconf 89' lang='lat' dir='ltr'><strong>bellorum</strong></span> <span class='ocrx_word' id='word_1_231' title='bbox 769 2676 801 2736; x_wconf 90' lang='lat' dir='ltr'><strong>et</strong></span> <span class='ocrx_word' id='word_1_232' title='bbox 813 2670 1022 2752; x_wconf 83' lang='lat' dir='ltr'><strong>procellarum</strong></span> <span class='ocrx_word' id='word_1_233' title='bbox 1032 2667 1153 2735; x_wconf 87' lang='lat' dir='ltr'><strong>iaciunt</strong></span> <span class='ocrx_word' id='word_1_234' title='bbox 1165 2669 1291 2732; x_wconf 88' lang='lat' dir='ltr'><strong>verbum</strong></span> <span class='ocrx_word' id='word_1_235' title='bbox 1302 2670 1383 2735; x_wconf 85' lang='lat' dir='ltr'><strong>airrs.</strong></span> <span class='ocrx_word' id='word_1_236' title='bbox 1395 2672 1515 2757; x_wconf 80' lang='lat' dir='ltr'><strong>Exque</strong></span> 
     </span>
    </p>

    <p class='ocr_par' dir='ltr' id='par_1_28' title="bbox 392 2757 1518 2843">
     <span class='ocr_line' id='line_1_28' title="bbox 392 2757 1518 2843; baseline 0.005 -21"><span class='ocrx_word' id='word_1_237' title='bbox 392 2757 548 2826; x_wconf 89' lang='lat' dir='ltr'><strong>bumanae</strong></span> <span class='ocrx_word' id='word_1_238' title='bbox 560 2758 1113 2843; x_wconf 80' lang='lat' dir='ltr'><strong>gentisperturbuticne,quandoque</strong></span> <span class='ocrx_word' id='word_1_239' title='bbox 1123 2774 1285 2839; x_wconf 69' lang='lat' dir='ltr'><strong>usurpans</strong></span> <span class='ocrx_word' id='word_1_240' title='bbox 1295 2759 1434 2826; x_wconf 88' lang='lat' dir='ltr'><strong>societas</strong></span> <span class='ocrx_word' id='word_1_241' title='bbox 1446 2763 1518 2828; x_wconf 87' lang='lat' dir='ltr'><strong>etb-</strong></span> 
     </span>
    </p>

    <p class='ocr_par' dir='ltr' id='par_1_29' title="bbox 247 2845 1516 2932">
     <span class='ocr_line' id='line_1_29' title="bbox 247 2845 1516 2932; baseline 0.006 -22"><span class='ocrx_word' id='word_1_242' title='bbox 247 2859 259 2928; x_wconf 66' lang='lat' dir='ltr'>j</span> <span class='ocrx_word' id='word_1_243' title='bbox 393 2847 552 2922; x_wconf 89' lang='lat' dir='ltr'><strong>narcbica,</strong></span> <span class='ocrx_word' id='word_1_244' title='bbox 571 2849 639 2932; x_wconf 88' lang='lat' dir='ltr'><strong>ipsa</strong></span> <span class='ocrx_word' id='word_1_245' title='bbox 659 2848 720 2912; x_wconf 92' lang='lat' dir='ltr'><strong>sibi</strong></span> <span class='ocrx_word' id='word_1_246' title='bbox 736 2865 937 2914; x_wconf 89' lang='lat' dir='ltr'><strong>communem</strong></span> <span class='ocrx_word' id='word_1_247' title='bbox 951 2845 1162 2928; x_wconf 89' lang='lat' dir='ltr'><strong>componebat</strong></span> <span class='ocrx_word' id='word_1_248' title='bbox 1176 2847 1412 2927; x_wconf 83' lang='lat' dir='ltr'><strong>auctoritatem,</strong></span> <span class='ocrx_word' id='word_1_249' title='bbox 1432 2868 1516 2932; x_wconf 91' lang='lat' dir='ltr'><strong>pon·</strong></span> 
     </span>
    </p>

    <p class='ocr_par' dir='ltr' id='par_1_30' title="bbox 262 2934 1515 3018">
     <span class='ocr_line' id='line_1_30' title="bbox 262 2934 1515 3018; baseline 0.006 -20"><span class='ocrx_word' id='word_1_250' title='bbox 262 2947 267 2980; x_wconf 67' lang='lat' dir='ltr'><strong><em>f</em></strong></span> <span class='ocrx_word' id='word_1_251' title='bbox 293 3001 294 3008; x_wconf 7' lang='grc' dir='ltr'>χ</span> <span class='ocrx_word' id='word_1_252' title='bbox 392 2934 525 3002; x_wconf 86' lang='lat' dir='ltr'><strong>tiitciam</strong></span> <span class='ocrx_word' id='word_1_253' title='bbox 540 2936 575 3001; x_wconf 92' lang='lat' dir='ltr'><strong>in</strong></span> <span class='ocrx_word' id='word_1_254' title='bbox 591 2937 697 3002; x_wconf 90' lang='lat' dir='ltr'><strong>medio</strong></span> <span class='ocrx_word' id='word_1_255' title='bbox 712 2955 802 3012; x_wconf 90' lang='lat' dir='ltr'><strong>aevo,</strong></span> <span class='ocrx_word' id='word_1_256' title='bbox 817 2954 901 3002; x_wconf 89' lang='lat' dir='ltr'><strong>nuno</strong></span> <span class='ocrx_word' id='word_1_257' title='bbox 912 2939 1015 3002; x_wconf 89' lang='lat' dir='ltr'><strong>autem</strong></span> <span class='ocrx_word' id='word_1_258' title='bbox 1031 2935 1065 2999; x_wconf 91' lang='lat' dir='ltr'><strong>in</strong></span> <span class='ocrx_word' id='word_1_259' title='bbox 1076 2935 1289 3018; x_wconf 89' lang='lat' dir='ltr'><strong>diplomaticis</strong></span> <span class='ocrx_word' id='word_1_260' title='bbox 1302 2939 1515 3006; x_wconf 89' lang='lat' dir='ltr'><strong>consultatio-</strong></span> 
     </span>
    </p>

    <p class='ocr_par' dir='ltr' id='par_1_31' title="bbox 254 3022 1514 3110">
     <span class='ocr_line' id='line_1_31' title="bbox 393 3022 1514 3110; baseline 0.006 -23.117"><span class='ocrx_word' id='word_1_261' title='bbox 393 3022 497 3090; x_wconf 87' lang='lat' dir='ltr'><strong>nibus.</strong></span> <span class='ocrx_word' id='word_1_262' title='bbox 514 3026 582 3091; x_wconf 90' lang='lat' dir='ltr'><strong>lloo</strong></span> <span class='ocrx_word' id='word_1_263' title='bbox 597 3030 755 3093; x_wconf 80' lang='lat' dir='ltr'><strong>testantur</strong></span> <span class='ocrx_word' id='word_1_264' title='bbox 770 3026 913 3108; x_wconf 78' lang='lat' dir='ltr'><strong>gentium</strong></span> <span class='ocrx_word' id='word_1_265' title='bbox 929 3024 968 3090; x_wconf 89' lang='lat' dir='ltr'><strong>ad</strong></span> <span class='ocrx_word' id='word_1_266' title='bbox 983 3027 1102 3105; x_wconf 78' lang='lat' dir='ltr'><strong>gentes.</strong></span> <span class='ocrx_word' id='word_1_267' title='bbox 1112 3025 1340 3106; x_wconf 84' lang='lat' dir='ltr'><strong>appellationes</strong></span> <span class='ocrx_word' id='word_1_268' title='bbox 1354 3031 1388 3092; x_wconf 90' lang='lat' dir='ltr'><strong>et</strong></span> <span class='ocrx_word' id='word_1_269' title='bbox 1404 3035 1514 3110; x_wconf 86' lang='lat' dir='ltr'><strong>proie-</strong></span> 
     </span>
    </p>

    <p class='ocr_par' dir='ltr' id='par_1_32' title="bbox 271 3113 1512 3189">
     <span class='ocr_line' id='line_1_32' title="bbox 271 3113 1512 3189; baseline 0.003 -11"><span class='ocrx_word' id='word_1_270' title='bbox 271 3123 273 3127; x_wconf 78' lang='grc'>’</span> <span class='ocrx_word' id='word_1_271' title='bbox 392 3114 557 3181; x_wconf 82' lang='lat' dir='ltr'><strong>stationes:</strong></span> <span class='ocrx_word' id='word_1_272' title='bbox 576 3114 792 3189; x_wconf 79' lang='lat' dir='ltr'><strong>humanitatis,</strong></span> <span class='ocrx_word' id='word_1_273' title='bbox 810 3133 873 3180; x_wconf 89' lang='lat' dir='ltr'><strong>non</strong></span> <span class='ocrx_word' id='word_1_274' title='bbox 888 3131 979 3179; x_wconf 87' lang='lat' dir='ltr'><strong>verae</strong></span> <span class='ocrx_word' id='word_1_275' title='bbox 1001 3113 1228 3178; x_wconf 81' lang='lat' dir='ltr'><strong>iurisdictionis</strong></span> <span class='ocrx_word' id='word_1_276' title='bbox 1242 3114 1291 3179; x_wconf 91' lang='lat' dir='ltr'><strong>vel</strong></span> <span class='ocrx_word' id='word_1_277' title='bbox 1306 3117 1512 3184; x_wconf 83' lang='lat' dir='ltr'><strong>auctoritatis</strong></span> 
     </span>
    </p>

    <p class='ocr_par' dir='ltr' id='par_1_33' title="bbox 391 3202 1510 3285">
     <span class='ocr_line' id='line_1_33' title="bbox 391 3202 1510 3285; baseline 0.007 -21"><span class='ocrx_word' id='word_1_278' title='bbox 391 3203 505 3269; x_wconf 84' lang='lat' dir='ltr'><strong>officia.</strong></span> <span class='ocrx_word' id='word_1_279' title='bbox 520 3204 614 3269; x_wconf 84' lang='lat' dir='ltr'><strong>Hisce</strong></span> <span class='ocrx_word' id='word_1_280' title='bbox 631 3202 1039 3270; x_wconf 85' lang='lat' dir='ltr'><strong>limitibusetbnarchicum</strong></span> <span class='ocrx_word' id='word_1_281' title='bbox 1053 3202 1204 3276; x_wconf 89' lang='lat' dir='ltr'><strong>tribunal,</strong></span> <span class='ocrx_word' id='word_1_282' title='bbox 1222 3207 1256 3266; x_wconf 88' lang='lat' dir='ltr'><strong>et</strong></span> <span class='ocrx_word' id='word_1_283' title='bbox 1271 3204 1424 3285; x_wconf 88' lang='lat' dir='ltr'><strong>possibile</strong></span> <span class='ocrx_word' id='word_1_284' title='bbox 1439 3224 1510 3272; x_wconf 90' lang='lat' dir='ltr'><strong>cre·</strong></span> 
     </span>
    </p>

    <p class='ocr_par' dir='ltr' id='par_1_34' title="bbox 391 3289 1509 3374">
     <span class='ocr_line' id='line_1_34' title="bbox 391 3289 1509 3374; baseline 0.004 -20"><span class='ocrx_word' id='word_1_285' title='bbox 391 3289 506 3369; x_wconf 88' lang='lat' dir='ltr'><strong>dimus,</strong></span> <span class='ocrx_word' id='word_1_286' title='bbox 524 3297 557 3357; x_wconf 87' lang='lat' dir='ltr'><strong>et</strong></span> <span class='ocrx_word' id='word_1_287' title='bbox 572 3293 811 3374; x_wconf 87' lang='lat' dir='ltr'><strong>praestolamur:</strong></span> <span class='ocrx_word' id='word_1_288' title='bbox 825 3292 959 3374; x_wconf 78' lang='lat' dir='ltr'><strong>perlecti</strong></span> <span class='ocrx_word' id='word_1_289' title='bbox 975 3291 1066 3366; x_wconf 88' lang='lat' dir='ltr'><strong>iuris,</strong></span> <span class='ocrx_word' id='word_1_290' title='bbox 1084 3309 1156 3356; x_wconf 91' lang='lat' dir='ltr'><strong>cum</strong></span> <span class='ocrx_word' id='word_1_291' title='bbox 1171 3293 1312 3358; x_wconf 88' lang='lat' dir='ltr'><strong>coactiva</strong></span> <span class='ocrx_word' id='word_1_292' title='bbox 1328 3294 1509 3369; x_wconf 89' lang='lat' dir='ltr'><strong>sanctione,</strong></span> 
     </span>
    </p>

    <p class='ocr_par' dir='ltr' id='par_1_35' title="bbox 390 3380 1514 3464">
     <span class='ocr_line' id='line_1_35' title="bbox 390 3380 1514 3464; baseline 0.006 -22"><span class='ocrx_word' id='word_1_293' title='bbox 390 3396 454 3443; x_wconf 89' lang='lat' dir='ltr'><strong>non</strong></span> <span class='ocrx_word' id='word_1_294' title='bbox 472 3386 683 3462; x_wconf 83' lang='lat' dir='ltr'><strong>expectamus.</strong></span> <span class='ocrx_word' id='word_1_295' title='bbox 695 3383 732 3446; x_wconf 92' lang='lat' dir='ltr'><strong>ln</strong></span> <span class='ocrx_word' id='word_1_296' title='bbox 745 3387 834 3447; x_wconf 86' lang='lat' dir='ltr'><strong>tanta</strong></span> <span class='ocrx_word' id='word_1_297' title='bbox 846 3381 932 3446; x_wconf 90' lang='lat' dir='ltr'><strong>enim</strong></span> <span class='ocrx_word' id='word_1_298' title='bbox 944 3380 1152 3462; x_wconf 88' lang='lat' dir='ltr'><strong>cupiditatum</strong></span> <span class='ocrx_word' id='word_1_299' title='bbox 1163 3398 1280 3464; x_wconf 80' lang='lat' dir='ltr'><strong>pugna,</strong></span> <span class='ocrx_word' id='word_1_300' title='bbox 1293 3381 1435 3449; x_wconf 87' lang='lat' dir='ltr'><strong>discissis</strong></span> <span class='ocrx_word' id='word_1_301' title='bbox 1446 3385 1514 3450; x_wconf 86' lang='lat' dir='ltr'><strong>sui-</strong></span> 
     </span>
    </p>

    <p class='ocr_par' dir='ltr' id='par_1_36' title="bbox 309 3465 1512 3640">
     <span class='ocr_line' id='line_1_36' title="bbox 309 3465 1512 3555; baseline 0.007 -26"><span class='ocrx_word' id='word_1_302' title='bbox 309 3493 310 3496; x_wconf 40' lang='lat'><em>*</em></span> <span class='ocrx_word' id='word_1_303' title='bbox 390 3465 515 3550; x_wconf 79' lang='lat' dir='ltr'><strong>fragiis,</strong></span> <span class='ocrx_word' id='word_1_304' title='bbox 532 3470 602 3554; x_wconf 87' lang='lat' dir='ltr'><strong>quis</strong></span> <span class='ocrx_word' id='word_1_305' title='bbox 617 3472 759 3554; x_wconf 88' lang='lat' dir='ltr'><strong>superius</strong></span> <span class='ocrx_word' id='word_1_306' title='bbox 775 3471 860 3537; x_wconf 87' lang='lat' dir='ltr'><strong>dicet</strong></span> <span class='ocrx_word' id='word_1_307' title='bbox 874 3471 936 3545; x_wconf 89' lang='lat' dir='ltr'><strong>ius,</strong></span> <span class='ocrx_word' id='word_1_308' title='bbox 953 3469 1024 3552; x_wconf 88' lang='lat' dir='ltr'><strong>quis</strong></span> <span class='ocrx_word' id='word_1_309' title='bbox 1039 3469 1170 3534; x_wconf 85' lang='lat' dir='ltr'><strong>alteram</strong></span> <span class='ocrx_word' id='word_1_310' title='bbox 1184 3475 1276 3552; x_wconf 78' lang='lat' dir='ltr'><strong>coget</strong></span> <span class='ocrx_word' id='word_1_311' title='bbox 1291 3473 1433 3555; x_wconf 81' lang='lat' dir='ltr'><strong>partem?</strong></span> <span class='ocrx_word' id='word_1_312' title='bbox 1445 3475 1512 3539; x_wconf 78' lang='lat' dir='ltr'><strong>Ab·</strong></span> 
     </span>
     <span class='ocr_line' id='line_1_37' title="bbox 389 3557 1208 3640; baseline 0.005 -20"><span class='ocrx_word' id='word_1_313' title='bbox 389 3557 525 3624; x_wconf 90' lang='lat' dir='ltr'><strong>solutum</strong></span> <span class='ocrx_word' id='word_1_314' title='bbox 542 3576 618 3640; x_wconf 78' lang='lat' dir='ltr'><strong>ergo</strong></span> <span class='ocrx_word' id='word_1_315' title='bbox 634 3561 777 3640; x_wconf 81' lang='lat' dir='ltr'><strong>gentium</strong></span> <span class='ocrx_word' id='word_1_316' title='bbox 794 3559 946 3633; x_wconf 87' lang='lat' dir='ltr'><strong>tribunal,</strong></span> <span class='ocrx_word' id='word_1_317' title='bbox 965 3558 1034 3640; x_wconf 87' lang='lat' dir='ltr'><strong>ipse</strong></span> <span class='ocrx_word' id='word_1_318' title='bbox 1049 3562 1097 3623; x_wconf 91' lang='lat' dir='ltr'><strong>est</strong></span> <span class='ocrx_word' id='word_1_319' title='bbox 1113 3559 1208 3624; x_wconf 88' lang='lat' dir='ltr'><strong>Deus.</strong></span> 
     </span>
    </p>

    <p class='ocr_par' dir='ltr' id='par_1_37' title="bbox 300 3647 1508 3731">
     <span class='ocr_line' id='line_1_38' title="bbox 300 3647 1508 3731; baseline 0.002 -18"><span class='ocrx_word' id='word_1_320' title='bbox 300 3659 315 3724; x_wconf 62' lang='lat' dir='ltr'>J</span> <span class='ocrx_word' id='word_1_321' title='bbox 486 3648 546 3714; x_wconf 80' lang='lat' dir='ltr'><strong>xl.</strong></span> <span class='ocrx_word' id='word_1_322' title='bbox 565 3649 655 3716; x_wconf 86' lang='lat' dir='ltr'><strong>Esset</strong></span> <span class='ocrx_word' id='word_1_323' title='bbox 675 3654 781 3714; x_wconf 87' lang='lat' dir='ltr'><strong>tamen</strong></span> <span class='ocrx_word' id='word_1_324' title='bbox 797 3648 832 3712; x_wconf 93' lang='lat' dir='ltr'><strong>in</strong></span> <span class='ocrx_word' id='word_1_325' title='bbox 847 3648 1021 3714; x_wconf 79' lang='lat' dir='ltr'><strong>ronsadtlrn</strong></span> <span class='ocrx_word' id='word_1_326' title='bbox 1037 3651 1131 3731; x_wconf 82' lang='lat' dir='ltr'><strong>atque</strong></span> <span class='ocrx_word' id='word_1_327' title='bbox 1146 3647 1343 3729; x_wconf 87' lang='lat' dir='ltr'><strong>amplissimo</strong></span> <span class='ocrx_word' id='word_1_328' title='bbox 1363 3650 1508 3731; x_wconf 80' lang='lat' dir='ltr'><strong>gentium</strong></span> 
     </span>
    </p>

    <p class='ocr_par' dir='ltr' id='par_1_38' title="bbox 305 3731 1510 3820">
     <span class='ocr_line' id='line_1_39' title="bbox 305 3731 1510 3820; baseline 0.005 -20"><span class='ocrx_word' id='word_1_329' title='bbox 305 3767 313 3810; x_wconf 52' lang='grc' dir='ltr'><strong>τ,</strong></span> <span class='ocrx_word' id='word_1_330' title='bbox 371 3787 373 3790; x_wconf 92' lang='lat'><strong>.</strong></span> <span class='ocrx_word' id='word_1_331' title='bbox 388 3731 519 3809; x_wconf 86' lang='lat' dir='ltr'><strong>Senatu,</strong></span> <span class='ocrx_word' id='word_1_332' title='bbox 537 3753 651 3819; x_wconf 77' lang='lat' dir='ltr'><strong>magna</strong></span> <span class='ocrx_word' id='word_1_333' title='bbox 666 3737 837 3804; x_wconf 90' lang='lat' dir='ltr'><strong>auctoritas</strong></span> <span class='ocrx_word' id='word_1_334' title='bbox 853 3742 885 3802; x_wconf 89' lang='lat' dir='ltr'><strong>et</strong></span> <span class='ocrx_word' id='word_1_335' title='bbox 900 3736 1034 3803; x_wconf 87' lang='lat' dir='ltr'><strong>utilitas.</strong></span> <span class='ocrx_word' id='word_1_336' title='bbox 1050 3737 1086 3800; x_wconf 92' lang='lat' dir='ltr'><strong>ln</strong></span> <span class='ocrx_word' id='word_1_337' title='bbox 1097 3737 1282 3812; x_wconf 58' lang='lat' dir='ltr'><strong>consultius</strong></span> <span class='ocrx_word' id='word_1_338' title='bbox 1301 3738 1446 3820; x_wconf 87' lang='lat' dir='ltr'><strong>inquam:</strong></span> <span class='ocrx_word' id='word_1_339' title='bbox 1460 3745 1510 3806; x_wconf 89' lang='lat' dir='ltr'><strong>est</strong></span> 
     </span>
    </p>

    <p class='ocr_par' dir='ltr' id='par_1_39' title="bbox 307 3820 1511 3908">
     <span class='ocr_line' id='line_1_40' title="bbox 307 3820 1511 3908; baseline 0.006 -22"><span class='ocrx_word' id='word_1_340' title='bbox 307 3820 311 3886; x_wconf 79' lang='grc' dir='ltr'>ἶ</span> <span class='ocrx_word' id='word_1_341' title='bbox 388 3821 474 3886; x_wconf 85' lang='lat' dir='ltr'><strong>enim</strong></span> <span class='ocrx_word' id='word_1_342' title='bbox 493 3823 542 3888; x_wconf 90' lang='lat' dir='ltr'><strong>ius</strong></span> <span class='ocrx_word' id='word_1_343' title='bbox 557 3827 670 3908; x_wconf 88' lang='lat' dir='ltr'><strong>cuique</strong></span> <span class='ocrx_word' id='word_1_344' title='bbox 682 3827 799 3908; x_wconf 90' lang='lat' dir='ltr'><strong>populo</strong></span> <span class='ocrx_word' id='word_1_345' title='bbox 812 3827 1001 3900; x_wconf 89' lang='lat' dir='ltr'><strong>immanens,</strong></span> <span class='ocrx_word' id='word_1_346' title='bbox 1015 3843 1070 3890; x_wconf 89' lang='lat' dir='ltr'><strong>sua</strong></span> <span class='ocrx_word' id='word_1_347' title='bbox 1083 3824 1181 3907; x_wconf 88' lang='lat' dir='ltr'><strong>ipsius</strong></span> <span class='ocrx_word' id='word_1_348' title='bbox 1193 3827 1511 3893; x_wconf 75' lang='lat' dir='ltr'><strong>autonomiallami-</strong></span> 
     </span>
    </p>

    <p class='ocr_par' dir='ltr' id='par_1_40' title="bbox 387 3907 1509 3996">
     <span class='ocr_line' id='line_1_41' title="bbox 387 3907 1509 3996; baseline 0.005 -22"><span class='ocrx_word' id='word_1_349' title='bbox 387 3907 477 3974; x_wconf 89' lang='lat' dir='ltr'><strong>ronis</strong></span> <span class='ocrx_word' id='word_1_350' title='bbox 489 3911 604 3994; x_wconf 88' lang='lat' dir='ltr'><strong>quippe</strong></span> <span class='ocrx_word' id='word_1_351' title='bbox 615 3916 819 3990; x_wconf 85' lang='lat' dir='ltr'><strong>sententiam,</strong></span> <span class='ocrx_word' id='word_1_352' title='bbox 830 3932 890 3996; x_wconf 87' lang='lat' dir='ltr'><strong>qua</strong></span> <span class='ocrx_word' id='word_1_353' title='bbox 902 3914 958 3978; x_wconf 90' lang='lat' dir='ltr'><strong>ille</strong></span> <span class='ocrx_word' id='word_1_354' title='bbox 968 3915 1111 3979; x_wconf 90' lang='lat' dir='ltr'><strong>rudiores</strong></span> <span class='ocrx_word' id='word_1_355' title='bbox 1123 3915 1255 3996; x_wconf 90' lang='lat' dir='ltr'><strong>populns</strong></span> <span class='ocrx_word' id='word_1_356' title='bbox 1267 3915 1300 3978; x_wconf 92' lang='lat' dir='ltr'><strong>in</strong></span> <span class='ocrx_word' id='word_1_357' title='bbox 1311 3915 1429 3980; x_wconf 91' lang='lat' dir='ltr'><strong>tutelae</strong></span> <span class='ocrx_word' id='word_1_358' title='bbox 1438 3916 1509 3980; x_wconf 91' lang='lat' dir='ltr'><strong>iure</strong></span> 
     </span>
    </p>

    <p class='ocr_par' dir='ltr' id='par_1_41' title="bbox 387 3997 1509 4084">
     <span class='ocr_line' id='line_1_42' title="bbox 387 3997 1509 4084; baseline 0.004 -20"><span class='ocrx_word' id='word_1_359' title='bbox 387 3997 470 4084; x_wconf 86' lang='lat' dir='ltr'><strong>apud</strong></span> <span class='ocrx_word' id='word_1_360' title='bbox 482 3999 632 4066; x_wconf 86' lang='lat' dir='ltr'><strong>cultiores</strong></span> <span class='ocrx_word' id='word_1_361' title='bbox 641 4020 709 4066; x_wconf 89' lang='lat' dir='ltr'><strong>esse</strong></span> <span class='ocrx_word' id='word_1_362' title='bbox 720 4003 919 4079; x_wconf 86' lang='lat' dir='ltr'><strong>decernit,ut</strong></span> <span class='ocrx_word' id='word_1_363' title='bbox 931 4004 1076 4084; x_wconf 83' lang='lat' dir='ltr'><strong>gentium</strong></span> <span class='ocrx_word' id='word_1_364' title='bbox 1089 4002 1230 4069; x_wconf 90' lang='lat' dir='ltr'><strong>libertati</strong></span> <span class='ocrx_word' id='word_1_365' title='bbox 1238 4002 1366 4068; x_wconf 84' lang='lat' dir='ltr'><strong>noxiam</strong></span> <span class='ocrx_word' id='word_1_366' title='bbox 1380 4023 1446 4069; x_wconf 94' lang='lat' dir='ltr'><strong>non</strong></span> <span class='ocrx_word' id='word_1_367' title='bbox 1459 4024 1509 4069; x_wconf 89' lang='lat' dir='ltr'><strong>re-</strong></span> 
     </span>
    </p>

    <p class='ocr_par' dir='ltr' id='par_1_42' title="bbox 386 4089 1509 4176">
     <span class='ocr_line' id='line_1_43' title="bbox 386 4089 1509 4176; baseline 0.002 -22"><span class='ocrx_word' id='word_1_368' title='bbox 386 4089 532 4174; x_wconf 85' lang='lat' dir='ltr'><strong>cipimus:</strong></span> <span class='ocrx_word' id='word_1_369' title='bbox 542 4089 749 4176; x_wconf 88' lang='lat' dir='ltr'><strong>periculosior</strong></span> <span class='ocrx_word' id='word_1_370' title='bbox 763 4089 877 4156; x_wconf 91' lang='lat' dir='ltr'><strong>deinde</strong></span> <span class='ocrx_word' id='word_1_371' title='bbox 893 4092 1037 4172; x_wconf 81' lang='lat' dir='ltr'><strong>gentium</strong></span> <span class='ocrx_word' id='word_1_372' title='bbox 1051 4093 1084 4159; x_wconf 92' lang='lat' dir='ltr'><strong>in</strong></span> <span class='ocrx_word' id='word_1_373' title='bbox 1097 4098 1207 4174; x_wconf 80' lang='lat' dir='ltr'><strong>gentes</strong></span> <span class='ocrx_word' id='word_1_374' title='bbox 1221 4093 1418 4159; x_wconf 91' lang='lat' dir='ltr'><strong>dominatus.</strong></span> <span class='ocrx_word' id='word_1_375' title='bbox 1428 4095 1509 4174; x_wconf 88' lang='lat' dir='ltr'><strong>Quis</strong></span> 
     </span>
    </p>

    <p class='ocr_par' dir='ltr' id='par_1_43' title="bbox 386 4179 1507 4268">
     <span class='ocr_line' id='line_1_44' title="bbox 386 4179 1507 4268; baseline 0.002 -24"><span class='ocrx_word' id='word_1_376' title='bbox 386 4180 569 4264; x_wconf 86' lang='lat' dir='ltr'><strong>autem,qui</strong></span> <span class='ocrx_word' id='word_1_377' title='bbox 581 4179 698 4268; x_wconf 88' lang='lat' dir='ltr'><strong>pupilli</strong></span> <span class='ocrx_word' id='word_1_378' title='bbox 711 4179 760 4244; x_wconf 89' lang='lat' dir='ltr'><strong>vel</strong></span> <span class='ocrx_word' id='word_1_379' title='bbox 774 4184 894 4245; x_wconf 87' lang='lat' dir='ltr'><strong>tutores</strong></span> <span class='ocrx_word' id='word_1_380' title='bbox 905 4179 1030 4248; x_wconf 88' lang='lat' dir='ltr'><strong>dicendi</strong></span> <span class='ocrx_word' id='word_1_381' title='bbox 1044 4182 1121 4256; x_wconf 90' lang='lat' dir='ltr'><strong>sint,</strong></span> <span class='ocrx_word' id='word_1_382' title='bbox 1131 4185 1217 4247; x_wconf 88' lang='lat' dir='ltr'><strong>certa</strong></span> <span class='ocrx_word' id='word_1_383' title='bbox 1228 4183 1333 4264; x_wconf 81' lang='lat' dir='ltr'><strong>signat</strong></span> <span class='ocrx_word' id='word_1_384' title='bbox 1345 4180 1507 4247; x_wconf 75' lang='lat' dir='ltr'><strong>lineallu·</strong></span> 
     </span>
    </p>

    <p class='ocr_par' dir='ltr' id='par_1_44' title="bbox 386 4268 1509 4354">
     <span class='ocr_line' id='line_1_45' title="bbox 386 4268 1509 4354; baseline 0.002 -22"><span class='ocrx_word' id='word_1_385' title='bbox 386 4269 431 4334; x_wconf 88' lang='lat' dir='ltr'><strong>ris</strong></span> <span class='ocrx_word' id='word_1_386' title='bbox 451 4269 558 4354; x_wconf 88' lang='lat' dir='ltr'><strong>itaque</strong></span> <span class='ocrx_word' id='word_1_387' title='bbox 574 4272 656 4347; x_wconf 86' lang='lat' dir='ltr'><strong>loco,</strong></span> <span class='ocrx_word' id='word_1_388' title='bbox 676 4287 731 4338; x_wconf 86' lang='lat' dir='ltr'><strong>uos</strong></span> <span class='ocrx_word' id='word_1_389' title='bbox 745 4268 909 4335; x_wconf 87' lang='lat' dir='ltr'><strong>eharitatis</strong></span> <span class='ocrx_word' id='word_1_390' title='bbox 931 4274 965 4336; x_wconf 89' lang='lat' dir='ltr'><strong>et</strong></span> <span class='ocrx_word' id='word_1_391' title='bbox 981 4269 1207 4338; x_wconf 64' lang='lat' dir='ltr'><strong>Mneficentiae</strong></span> <span class='ocrx_word' id='word_1_392' title='bbox 1223 4269 1371 4353; x_wconf 88' lang='lat' dir='ltr'><strong>ponimus</strong></span> <span class='ocrx_word' id='word_1_393' title='bbox 1387 4273 1509 4336; x_wconf 90' lang='lat' dir='ltr'><strong>suasio-</strong></span> 
     </span>
    </p>

    <p class='ocr_par' dir='ltr' id='par_1_45' title="bbox 386 4357 1508 4445">
     <span class='ocr_line' id='line_1_46' title="bbox 386 4357 1508 4445; baseline -0.003 -18"><span class='ocrx_word' id='word_1_394' title='bbox 386 4377 442 4427; x_wconf 86' lang='lat' dir='ltr'><strong>ues</strong></span> <span class='ocrx_word' id='word_1_395' title='bbox 454 4365 486 4426; x_wconf 84' lang='lat' dir='ltr'><strong>et</strong></span> <span class='ocrx_word' id='word_1_396' title='bbox 501 4362 646 4428; x_wconf 87' lang='lat' dir='ltr'><strong>consilia.</strong></span> <span class='ocrx_word' id='word_1_397' title='bbox 665 4357 892 4430; x_wconf 75' lang='lat' dir='ltr'><strong>civilissimum</strong></span> <span class='ocrx_word' id='word_1_398' title='bbox 908 4359 1181 4426; x_wconf 88' lang='lat' dir='ltr'><strong>missionariorum</strong></span> <span class='ocrx_word' id='word_1_399' title='bbox 1195 4359 1400 4445; x_wconf 89' lang='lat' dir='ltr'><strong>opusiuveut</strong></span> <span class='ocrx_word' id='word_1_400' title='bbox 1416 4362 1508 4442; x_wconf 92' lang='lat' dir='ltr'><strong>prin·</strong></span> 
     </span>
    </p>

    <p class='ocr_par' dir='ltr' id='par_1_46' title="bbox 385 4447 1506 4532">
     <span class='ocr_line' id='line_1_47' title="bbox 385 4447 1506 4532; baseline -0.002 -20"><span class='ocrx_word' id='word_1_401' title='bbox 385 4447 471 4531; x_wconf 87' lang='lat' dir='ltr'><strong>cipes</strong></span> <span class='ocrx_word' id='word_1_402' title='bbox 486 4455 519 4515; x_wconf 90' lang='lat' dir='ltr'><strong>et</strong></span> <span class='ocrx_word' id='word_1_403' title='bbox 534 4451 677 4516; x_wconf 81' lang='lat' dir='ltr'><strong>excultae</strong></span> <span class='ocrx_word' id='word_1_404' title='bbox 694 4450 758 4515; x_wconf 88' lang='lat' dir='ltr'><strong>iarn</strong></span> <span class='ocrx_word' id='word_1_405' title='bbox 773 4454 895 4530; x_wconf 76' lang='lat' dir='ltr'><strong>geutesz</strong></span> <span class='ocrx_word' id='word_1_406' title='bbox 914 4453 1175 4532; x_wconf 85' lang='lat' dir='ltr'><strong>praecurrentem</strong></span> <span class='ocrx_word' id='word_1_407' title='bbox 1190 4449 1377 4532; x_wconf 79' lang='lat' dir='ltr'><strong>religionem</strong></span> <span class='ocrx_word' id='word_1_408' title='bbox 1395 4466 1506 4530; x_wconf 83' lang='lat' dir='ltr'><strong>seque-</strong></span> 
     </span>
    </p>

    <p class='ocr_par' dir='ltr' id='par_1_47' title="bbox 377 4537 1508 4623">
     <span class='ocr_line' id='line_1_48' title="bbox 377 4537 1508 4623; baseline 0 -23"><span class='ocrx_word' id='word_1_409' title='bbox 377 4541 437 4600; x_wconf 92' lang='lat' dir='ltr'><strong>tur</strong></span> <span class='ocrx_word' id='word_1_410' title='bbox 452 4553 576 4604; x_wconf 89' lang='lat' dir='ltr'><strong>morum</strong></span> <span class='ocrx_word' id='word_1_411' title='bbox 593 4540 737 4620; x_wconf 88' lang='lat' dir='ltr'><strong>comitas,</strong></span> <span class='ocrx_word' id='word_1_412' title='bbox 756 4537 836 4605; x_wconf 90' lang='lat' dir='ltr'><strong>iuris</strong></span> <span class='ocrx_word' id='word_1_413' title='bbox 851 4537 1037 4623; x_wconf 89' lang='lat' dir='ltr'><strong>imperium,</strong></span> <span class='ocrx_word' id='word_1_414' title='bbox 1055 4541 1087 4604; x_wconf 85' lang='lat' dir='ltr'><strong>et</strong></span> <span class='ocrx_word' id='word_1_415' title='bbox 1103 4557 1175 4606; x_wconf 88' lang='lat' dir='ltr'><strong>vcra</strong></span> <span class='ocrx_word' id='word_1_416' title='bbox 1190 4538 1337 4608; x_wconf 89' lang='lat' dir='ltr'><strong>civilitas.</strong></span> <span class='ocrx_word' id='word_1_417' title='bbox 1357 4538 1467 4604; x_wconf 78' lang='lat' dir='ltr'><strong>Primo</strong></span> <span class='ocrx_word' id='word_1_418' title='bbox 1482 4539 1508 4600; x_wconf 91' lang='lat' dir='ltr'><strong>i-</strong></span> 
     </span>
    </p>
   </div>
   <div class='ocr_carea' id='block_1_3' title="bbox 0 0 1618 5280">
    <p class='ocr_par' dir='ltr' id='par_1_48' title="bbox 0 0 1618 5280">
     <span class='ocr_line' id='line_1_49' title="bbox 0 0 1618 5280; baseline 0 4"><span class='ocrx_word' id='word_1_419' title='bbox 0 0 1618 5280; x_wconf 95' lang='lat' dir='ltr'><strong> </strong></span> 
     </span>
    </p>
   </div>
  </div>
 </body>
</html>
