3238 5282
359 311 365 318 ’
428 311 493 380 alu
600 261 605 270 ι
869 319 964 378 arnan
980 327 1027 378 ru.

382 493 483 554 mum;
492 475 520 542 si
532 474 648 558 impar,
658 491 755 540 unum
769 479 893 543 tantum
904 475 968 542 erit
979 491 1150 550 summum,
1161 471 1301 558 adeoque
1316 489 1428 539 verum
1444 471 1515 539 im-

377 563 519 647 perium.
528 565 575 630 lbi
588 581 712 647 quoqne
727 581 791 630 non
808 565 962 648 liquidum
973 568 1120 649 systema,
1129 562 1419 646 sedprincipiomm
1433 580 1515 628 cer-

384 660 503 727 tamen,
521 654 605 718 unde
619 653 809 735 ambiguitas
823 661 857 720 et
872 656 1050 720 tluctuatio.

471 742 531 808 lx.
549 743 658 824 Longe
673 743 797 808 doctior
811 743 1044 810 Germanorum
1055 742 1174 816 schola,
1188 739 1276 805 cuius
1291 740 1386 806 duces
1403 739 1513 822 primi

381 836 415 899 et
429 830 579 896 clariores
594 823 737 906 Grotius,
751 830 982 907 Puiendorflus‚
992 831 1196 898 Boehmerus:
1206 833 1339 911 quorum
1356 830 1513 910 ingenio,

382 920 487 1002 siqua
501 925 584 986 esset
599 921 644 984 ris
655 924 836 986 contractus
852 921 991 996 socialis,
1001 926 1088 986 certe
1099 919 1310 986 inclaruisset.
1320 919 1382 985 Sed
1399 919 1464 994 illi,
1474 926 1515 984 ut

386 1011 589 1092 praepotenti
604 1008 669 1075 iam
685 1009 907 1075 consuetudini
929 1009 1092 1091 indulgere
1108 1003 1302 1081 uiderentur,
1321 1012 1453 1089 pactum
1473 1013 1512 1073 ut

382 1097 555 1182 plurimum
571 1103 774 1180 acceperant,
790 1098 987 1166 consectaria
1003 1098 1069 1163 lere
1084 1098 1192 1163 omnia
1209 1096 1400 1161 reieceruut.

474 1187 518 1254 X.
536 1185 678 1262 Grotius,
696 1186 729 1251 in
742 1187 811 1252 iure
826 1185 964 1253 naturali
978 1185 1104 1269 privato
1118 1191 1152 1252 et
1167 1184 1293 1268 publico
1305 1185 1400 1250 lacile
1417 1185 1514 1266 prin·

384 1293 469 1360 ceps,
477 1276 585 1341 minor
599 1279 648 1342 est
663 1276 766 1358 seipso
777 1276 812 1341 in
824 1276 894 1340 iure
905 1275 1049 1360 politico,
1058 1294 1154 1360 quum
1170 1274 1316 1339 nullosat
1326 1273 1425 1338 firmo
1436 1279 1515 1339 uta·

385 1371 438 1431 tur
453 1363 625 1449 principio.
639 1365 770 1432 Pactum
783 1364 910 1440 sociale,
928 1366 1064 1449 quodam
1079 1363 1167 1449 quasi
1181 1367 1380 1444 contemptu,
1390 1363 1426 1427 in
1439 1380 1513 1426 me·

385 1452 474 1520 dium
488 1453 594 1529 alieri,
614 1471 671 1521 nec
686 1453 820 1518 minima
833 1453 941 1519 addita
956 1453 1142 1520 excussione
1155 1451 1203 1530 vel
1218 1452 1420 1534 probaticam
1438 1450 1513 1516 imo

384 1542 462 1608 illud
477 1542 593 1628 ubique
606 1540 1022 1625 coarctansoppugnans'ac
1036 1541 1225 1625 discerpens.
1236 1540 1381 1606 Primum
1395 1545 1511 1606 autem

384 1631 453 1696 eius
467 1629 671 1697 corollarium
686 1631 847 1713 infringit,
864 1647 1022 1696 summum
1036 1631 1144 1716 populi
1159 1629 1340 1712 imperium:
1359 1649 1377 1689 r
1400 1633 1513 1712 Atque

385 1719 448 1786 hoc
464 1721 534 1786 loco
549 1721 690 1804 primum
705 1719 866 1786 reiiccnda
877 1724 926 1784 est
937 1733 1047 1784 eorum
1060 1719 1182 1802 opimo,
1194 1717 1249 1800 qui
1261 1717 1378 1800 ubique
1389 1722 1425 1783 et
1439 1717 1513 1783 sine

386 1807 573 1892 exceptione
587 1803 742 1874 summam
758 1806 948 1892 potestatem
960 1825 1026 1873 esse
1037 1808 1148 1873 volunt
1160 1806 1284 1889 populi,
1299 1807 1344 1872 ita
1356 1810 1392 1871 ut
1408 1805 1440 1870 ei
1455 1825 1510 1872 re·

386 1915 452 1978 ges,
469 1897 591 1980 quoties
606 1897 741 1980 imperio
757 1897 913 1965 suomalc
926 1899 1068 1974 mansu,
1086 1900 1119 1962 et
1134 1911 1280 1960 coercere
1291 1900 1325 1960 et
1335 1895 1453 1978 punire
1471 1895 1511 1959 li-

387 1990 469 2053 ceut:
479 2002 561 2068 quae
567 1985 725 2052 sententia
732 1991 810 2068 quot
817 1985 910 2052 malis
918 2001 1042 2050 causam
1050 1985 1185 2059 dederit,
1196 1989 1229 2050 et
1237 1984 1420 2048 dareetiam
1429 2002 1509 2048 num

166 2093 189 2163 t)
208 2097 249 2149 pe
264 2095 369 2150 1.B.et
388 2074 632 2158 possit‚penitus
644 2074 761 2139 animis
772 2079 913 2155 recepta,
925 2091 1018 2139 nemo
1032 2074 1156 2157 sapiens
1171 2091 1234 2137 non
1251 2072 1336 2137 videt
1346 2071 1509 2156 1).»ldale

143 2171 191 2236 P..
208 2168 253 2224 lib.
264 2169 286 2239 l,
300 2184 328 2224 c.
338 2170 367 2242 3,
389 2162 516 2246 quidem
531 2162 665 2227 adducto
680 2162 878 2227 voluntariae
893 2162 1054 2228 servitutis
1070 2166 1270 2244 argumento,
1288 2162 1508 2245 prosequitur:

142 2247 265 2374 Ξὸὸὼὲἐ
281 2244 305 2318 ¹2
320 2258 369 2301 ³⁰·
391 2252 679 2354 «Frustraquoque
688 2249 1071 2316 afferunturincommoda
1080 2269 1161 2333 quae
1171 2250 1246 2315 lriuc
1257 2256 1452 2354 sequantur&
1453 2255 1510 2314 aut

383 2344 712 2518 assaliat
726 2339 1511 2510 calculassinuessanus

389 2533 461 2581 curn
476 2516 541 2600 illio¹
555 2517 794 2590 commeando,
812 2525 868 2580 cut
884 2518 941 2580 illo
956 2535 1027 2582 cum
1042 2519 1089 2580 tis
1105 2518 1276 2581 amittendo
1290 2525 1376 2590 sunt,
1395 2516 1444 2583 ait
1455 2535 1510 2582 co-

161 2608 187 2679 i)
203 2606 270 2662 llud.
390 2602 1510 2708 moedia2).nalibimgnaadmittitpotrimonicliqinprincipispro-

386 2697 878 2866 ltilisdlllltrdldc
892 2695 1029 2847 {llll}
1045 2695 1511 2864 titillatoltiitllt

385 2875 506 2954 ptante.
516 2870 648 2939 Grotius
663 2870 772 2953 itaque
785 2877 912 2953 pactum
924 2889 988 2936 non
1000 2872 1143 2936 absolute
1157 2872 1316 2946 relidens,
1327 2871 1413 2936 iacto
1429 2870 1510 2937 illud

385 2959 526 3024 iunditus
540 2958 661 3024 evellit:
675 2960 745 3024 'elus
761 2966 867 3026 tamen
879 2960 982 3042 specie
998 2960 1369 3042 illaqueatusclaudicat,
1380 2960 1507 3034 haeret,

386 3048 567 3130 nullumque
579 3065 692 3130 magna
705 3048 759 3112 illa
775 3066 865 3112 mens
879 3053 1013 3131 systema
1027 3049 1105 3113 iuris
1116 3049 1241 3132 politici
1253 3049 1432 3114 constituit.

159 3117 185 3186 a)
203 3119 251 3200 ⁰⁰.
274 3120 294 3172 ¹·
324 3120 363 3173 n.
474 3137 535 3204 ιιι.
553 3137 672 3204 aaran
688 3137 871 3202 collocatio
885 3138 917 3201 n
935 3137 1138 3203 rurenaoroo
1154 3134 1197 3222 a).
1212 3139 1338 3204 uorsa
1352 3139 1506 3203 nausea

138 3193 224 3322 ffi'f
236 3191 364 3343 'affl
384 3225 619 3291 definitionem:
634 3223 776 3298 «Civitas
785 3230 832 3290 est
843 3243 976 3308 persona
988 3225 1131 3302 moralis,
1139 3227 1378 3292 cuiusvoluutas
1390 3228 1507 3310 explu-

136 3309 251 3397 lromfec
266 3345 349 3398 creas.
385 3315 468 3379 rium
479 3315 581 3400 pactis
587 3314 960 3418 implicitaetunitaprq
968 3315 1505 3397 voluntateomniumlrabeturdl.»

139 3416 361 3562 silisis*
383 3403 1506 3579 lattallldttltltl'adilalllltffillllldl:

383 3586 526 3662 perante.
547 3604 564 3643 n
582 3579 714 3656 Vemm,
733 3597 773 3644 ex
787 3581 873 3663 pacti
891 3580 1022 3645 notione
1038 3580 1103 3664 ipse
1118 3583 1183 3648 cito
1195 3601 1229 3648 se
1240 3581 1505 3648 retrahitl'uien·

382 3668 513 3744 doriius,
523 3669 592 3734 iura
608 3669 716 3733 omnia
731 3669 897 3734 conterens
913 3669 946 3733 in
959 3679 1117 3748 summum
1133 3672 1384 3753 imperantem«
1402 3669 1506 3736 Habet

381 3754 1505 3842 hocomneimperium‚utsitsummum,anullodependens‚sedecpro-

381 3845 454 3924 prio
468 3846 585 3911 iudicio
602 3847 776 3912 etcrditrio
799 3863 866 3911 sese
880 3863 1068 3912 exserens...
1086 3850 1207 3914 nemini
1228 3849 1424 3931 mortalium,
1449 3847 1505 3911 ad-

157 3942 182 4010 s)
207 3944 247 3996 rra
273 3939 337 4015 Off.
354 3981 362 4012 ,
381 3933 583 3999 strictum-ad
597 3933 770 4000 reddendas
785 3935 925 4000 rationes
941 3936 1015 4016 ol.»
1033 3935 1145 4002 Eidem
1161 3936 1372 4005 intolerabilis
1386 3935 1502 4000 divisio

138 4017 173 4090 Η,
192 4018 220 4086 9,
241 4019 264 4088 ¹,
282 4017 310 4070 3.
382 4022 548 4105 potestatis
562 4021 771 4104 legislativac,
788 4023 983 4100 iudiciariae,
1000 4029 1094 4108 atque
1109 4027 1302 4092 executivae:
1318 4046 1335 4086 o
1350 4025 1432 4092 Sunt
1445 4042 1500 4090 au·

383 4117 449 4178 tem
464 4110 544 4177 istae
558 4115 664 4193 partes
679 4113 794 4178 summi
816 4113 944 4196 imperii
961 4113 1150 4179 naturaliter
1164 4116 1211 4181 ita
1229 4131 1402 4189 connexae,
1420 4119 1456 4180 ut
1471 4115 1499 4178 si

382 4198 537 4283 regularis
550 4199 654 4266 iorma
669 4199 794 4266 civitati
809 4201 1095 4277 consecretalem,
1110 4220 1222 4269 omnes
1241 4211 1274 4270 et
1289 4202 1434 4284 singulae
1448 4221 1503 4285 pe-

383 4309 437 4356 nes
451 4306 548 4354 unum
563 4289 743 4354 radicaliter
765 4307 833 4355 esse
847 4291 993 4356 debeant.
1012 4292 1095 4359 Nam
1110 4292 1137 4355 si
1153 4311 1214 4357 una
1231 4293 1279 4356 vel
1294 4293 1393 4355 altera
1410 4289 1502 4373 plane

380 4377 531 4453 abluerit,
547 4394 693 4443 mancum
708 4377 772 4442 erit
788 4379 970 4463 imperium,
989 4397 1046 4444 nec
1062 4381 1100 4444 ad
1121 4381 1218 4446 finem
1233 4381 1370 4446 civitatis
1388 4396 1503 4462 procu-

380 4469 514 4533 randum
525 4465 750 4533 idoneumsin
763 4471 870 4532 autem
882 4469 961 4534 istae
971 4469 1165 4542 dividantur,
1180 4471 1226 4535 ita
1239 4475 1274 4535 ut
1285 4468 1437 4553 quaedam
1451 4485 1501 4532 ra-

382 4555 598 4622 dicalitersint
607 4573 700 4640 penes
710 4573 818 4631 unum,
829 4558 969 4639 reliquae
981 4575 1076 4640 penes
1086 4559 1193 4632 alium;
1207 4558 1411 4640 irregularem
1420 4574 1503 4621 rem-
