3228 5280
572 351 769 403 rrrosusxr.
1120 335 1184 402 313

114 522 195 568 mos.
208 499 290 586 lliuo
303 515 455 564 uovorum
467 497 533 564 irae
544 499 578 564 iu
588 499 773 579 Ecclesiam,
787 502 973 584 praesertim
986 499 1019 564 in
1029 500 1229 580 Pontificem,

113 611 178 674 quo
195 590 249 653 illa
265 589 460 652 coadunatur
476 591 509 652 et
525 585 665 655 fulcitur.
674 589 756 655 ilinc
771 592 805 654 in
823 591 961 664 ltaliam,
973 589 1006 654 in
1018 607 1080 670 qua
1094 597 1188 674 eaput
1200 598 1233 658 et

113 701 171 745 cor
188 677 293 759 magni
303 675 445 760 corporis
456 682 667 754 asservantur,
679 679 859 762 violentiae,
870 679 1008 752 fraudes,
1018 678 1167 761 cuiusque
1179 698 1233 762 ge-

116 769 203 835 neris
211 766 473 832 machinationes.
484 765 567 832 Hinc
576 769 807 834 moderatorum
815 773 913 842 seeta,
923 767 1234 852 quisineeram,pro·

116 859 247 924 lundam
262 854 495 922 observantiam
510 855 724 923 inEcclesiam
736 857 934 941 prolitentes,
946 855 1050 923 verbis
1061 874 1132 923 eam
1144 875 1235 939 prae·

115 949 258 1013 dicante
274 944 369 1012 Statu
383 943 639 1025 praecidendam,
651 947 744 1012 iactis
759 965 844 1028 vero,
856 947 951 1012 modo
967 945 1072 1011 forum
1088 947 1236 1012 ecclesia-

115 1038 246 1108 sticum,
265 1034 359 1098 modo
377 1033 575 1100 matrimonii
591 1041 834 1114 sacramentum,
850 1035 928 1102 alias
939 1037 1020 1100 bona
1031 1036 1191 1101 Ecclesiae
1203 1042 1236 1102 et

117 1126 266 1192 ordinum
279 1127 351 1188 vota
367 1121 534 1188 abradunt:
545 1125 734 1190 novissimae
749 1124 862 1191 aetatis
874 1125 1003 1192 Scribae
1014 1129 1047 1190 et
1059 1123 1232 1205 Pharisaei,

118 1215 175 1297 qui
191 1215 224 1276 in
241 1231 277 1276 re
288 1210 419 1295 politica
430 1210 637 1278 sehabentad
649 1213 836 1290 socialistas‚
849 1214 895 1280 uti
908 1213 1154 1279 adLutheranos
1164 1216 1237 1281 lan-

116 1303 266 1368 senistae.
285 1303 403 1366 Eorum
421 1298 506 1374 linis,
524 1299 557 1364 in
574 1319 636 1379 res,
655 1303 690 1367 in
709 1321 854 1387 corpora,
875 1303 909 1368 in
926 1302 1047 1367 animas
1063 1302 1165 1368 ferrea
1180 1303 1237 1368 do·
1296 1361 1299 1366 .

118 1391 269 1457 minatio.
287 1389 331 1456 lis
346 1388 475 1453 unicum
491 1386 540 1452 ius
555 1391 711 1470 gentium,
729 1391 849 1469 Statum
869 1391 972 1474 prima
989 1390 1040 1456 lex
1063 1397 1095 1458 et
1110 1391 1237 1458 Divini-

116 1481 304 1556 tas,Status.
316 1479 436 1546 Eorum
451 1480 793 1562 systema,universnlis
804 1480 971 1563 captivitas
982 1479 1039 1544 sub
1055 1479 1184 1545 nomine
1198 1481 1237 1546 li-

119 1569 265 1636 bertatis.
993 1587 996 1594 ·

209 1657 267 1722 lv.
278 1653 956 1739 Noseeontrasuperbissimumdominatum
966 1656 1159 1740 repellimus,
1169 1657 1237 1723 iure

117 1746 269 1818 civitatis,
288 1746 357 1810 iure
372 1743 527 1825 gentium,
546 1751 734 1827 argumento
750 1747 907 1813 libertatis
922 1751 955 1812 et
970 1763 1062 1811 verae
1078 1746 1237 1812 Divinita-

118 1837 172 1901 tis.
184 1835 271 1914 Quae
286 1834 435 1898 divinitas
447 1832 552 1898 locuta
568 1839 628 1910 esi,
642 1852 714 1900 cum
731 1837 847 1917 duplex
859 1834 1048 1900 instituebat
1065 1835 1236 1918 imperium

118 1926 152 1988 in
170 1924 277 1997 terris,
294 1921 436 1988 Caesaris
451 1927 484 1987 ei
496 1921 567 1987 Dei.
586 1923 746 1990 Ecclesiae
760 1925 868 2007 itaque
879 1930 912 1990 et
924 1924 1028 1991 civilis
1042 1923 1173 2006 imperii
1186 1942 1236 1988 re-

118 2013 254 2078 lationes
268 2015 341 2075 sunt
357 2009 599 2092 perquirendae:
614 2012 654 2092 ad
668 2013 749 2078 hanc
762 2014 849 2079 onim
862 2013 1081 2096 quaestionem
1093 2013 1236 2094 graviora

118 2119 203 2166 nunc
219 2101 298 2164 iuris
313 2098 429 2181 publici
445 2099 641 2179 problemata
657 2101 851 2167 referuntur.

210 2189 250 2254 V.
266 2190 390 2271 Duplex
400 2187 575 2253 methodus:
585 2191 826 2269 rationalistica,
837 2191 1123 2274 qual’rotostantes
1135 2195 1168 2254 et
1182 2207 1238 2252 nu·

120 2279 189 2361 peri
206 2278 308 2342 ferme
322 2294 433 2341 omnes
448 2278 571 2359 politici
588 2284 733 2356 utuntur3
747 2281 894 2361 positiva,
908 2297 969 2363 qua
985 2298 1023 2342 ox
1041 2278 1133 2342 lactis
1150 2283 1237 2342 ructo

119 2368 303 2432 constitutis
316 2366 385 2429 iura
401 2370 433 2430 et
447 2367 664 2432 conclusiones
680 2368 888 2434 deducuntur.
904 2367 1057 2434 Methodo
1073 2366 1238 2433 rationali-

118 2457 211 2528 stica,
226 2457 291 2528 iem
307 2453 387 2518 nihil
401 2451 544 2534 superest
556 2458 636 2522 certi
653 2457 686 2520 in
694 2455 913 2546 philosophia,
924 2457 1010 2521 brevi
1027 2456 1109 2520 nihil
1125 2456 1188 2520 erit
1204 2455 1238 2518 iu

120 2548 191 2608 iure
207 2545 356 2625 religioso
372 2549 405 2608 et
419 2543 518 2608 civili.
536 2546 619 2612 Nam
635 2563 693 2627 pro
713 2545 819 2610 diviua
835 2544 989 2620 Ecclesia,
1008 2545 1070 2608 alia
1088 2543 1239 2610 naturalis

120 2640 154 2700 et
170 2633 397 2698 rationalistica
413 2634 549 2698 conficta
565 2639 612 2708 est
628 2651 646 2698 a
661 2633 819 2710 Mamilio,
837 2633 1001 2712 Richerio,
1014 2634 1061 2698 De
1076 2633 1235 2702 Dominis,

120 2723 291 2797 Febronio‚
306 2721 540 2804 universimque
556 2739 574 2786 a
589 2724 851 2806 protestantibus,
863 2724 951 2787 cuius
963 2739 1121 2786 summum
1137 2722 1240 2802 impe-

121 2813 205 2876 rium
222 2815 303 2876 esset
320 2811 354 2874 in
371 2810 574 2877 multitudine
585 2812 778 2886 radicaliter,
790 2812 823 2875 in
840 2811 996 2893 episcopis
1008 2829 1082 2875 vero
1099 2813 1194 2892 atque
1207 2810 1240 2871 in

121 2901 277 2966 Pontifice
293 2899 448 2964 usualiter
463 2899 511 2964 vel
527 2900 788 2966 ministerialiter.
799 2900 1016 2967 Multitudinis
1032 2904 1139 2964 autom
1157 2899 1239 2970 iura,
1300 2921 1305 2926 ·

122 2990 177 3052 alii
195 2989 335 3052 eiusdem
350 2985 575 3063 multitudinis,
591 2989 646 3053 alii
659 2988 718 3056 liei
736 2991 878 3065 nomine,
894 2989 1020 3071 regibus
1031 2994 1070 3069 ¹et
1087 2985 1242 3070 principi-

122 3079 179 3142 bus
194 3078 411 3149 contulerunt,
424 3094 558 3160 quorum
570 3079 681 3144 saltem
693 3080 796 3161 gratia
808 3083 840 3144 et
852 3079 1031 3162 patrocinio
1044 3080 1240 3158 tegerentur.

123 3166 310 3247 Conscripto
320 3165 519 3232 multitudini
528 3165 940 3250 imperiouiramqueeverti
952 3163 1244 3251 potestatom‚malo

125 3272 236 3319 eorum
251 3254 330 3331 loto,
348 3255 442 3319 duces
457 3253 580 3338 politici
596 3255 730 3321 minime
745 3258 959 3322 adverterant.
977 3256 1039 3323 Sed
1055 3271 1127 3319 cum
1143 3253 1245 3318 ratio-

128 3343 276 3408 nalismus
292 3344 417 3408 llamma
433 3345 476 3408 sit
488 3344 594 3408 omnia
607 3345 791 3421 dissolvens,
810 3346 931 3409 nullum
948 3345 1073 3411 tandem
1091 3343 1151 3418 ius,
1165 3342 1246 3407 divi-

128 3449 217 3506 num,
235 3432 341 3507 civile,
353 3434 400 3499 vel
415 3432 673 3508 ecclesiasticum,
689 3441 815 3516 praeter
830 3434 1046 3500 multitudinis
1062 3431 1244 3504 arbitrium,

125 3520 284 3602 reliquum
297 3520 369 3585 fuit.
381 3521 480 3602 Atqui
492 3521 546 3585 ubi
559 3521 738 3598 arbitrium,
749 3524 794 3586 ibi
808 3523 960 3587 nullum‘a
973 3522 1076 3604 priori
1088 3537 1246 3585 summum

123 3610 185 3686 ius,
200 3609 285 3672 nulla
301 3610 414 3676 relatio
431 3611 493 3674 lira
506 3627 540 3673 ac
554 3627 741 3691 permanens
753 3612 912 3676 Ecclesiae
928 3613 966 3676 ad
980 3611 1165 3693 imperium.
1185 3611 1247 3673 Ra·

98 3741 100 3746 ·
124 3697 300 3763 tionalistis
316 3700 469 3763 accedunt
484 3699 551 3781 qui,
569 3699 759 3765 catholicam
779 3702 968 3765 confitentes
984 3700 1171 3776 Ecclesiam,
1191 3714 1249 3778 po·

123 3787 192 3868 puli
209 3786 257 3850 vel
267 3786 375 3852 Status
390 3789 438 3853 vel
451 3787 606 3870 principis
620 3789 751 3854 nomine
763 3794 817 3854 aut
828 3794 995 3871 praetextu
1009 3789 1095 3852 illius
1106 3790 1190 3869 leges
1202 3790 1251 3851 at-

126 3893 188 3956 que
204 3874 350 3941 institute
363 3875 581 3942 suoarbitratu
596 3877 756 3942 moderari
769 3878 925 3954 nituntur,
935 3879 1017 3942 unde
1030 3877 1165 3960 imperia
1174 3875 1252 3938 eivi-

127 3965 170 4026 lia
186 3968 410 4030 concutiuntur
425 3966 540 4049 primo,
550 3972 644 4049 atque
656 3967 695 4031 ad
712 3983 819 4032 necem
836 3985 933 4048 usque
947 3967 1175 4048 pertrahuntur
1190 3961 1250 4048 (cf.

130 4053 296 4126 Purrrrrs,
309 4053 401 4118 Droit
417 4055 489 4118 eccl.
501 4057 592 4130 t.lll,
603 4055 759 4137 Rapports
774 4059 810 4121 de
827 4056 959 4138 i'Eqiise
972 4065 998 4119 et
1013 4058 1049 4121 de
1066 4055 1181 4119 l'Etot.
1194 4052 1254 4117 Pa-

126 4139 274 4213 ris‚1851
285 4143 308 4230 l·
318 4143 523 4217 Ludentibus,
535 4144 581 4209 ve'l
594 4145 826 4213 somniantibus
835 4145 1055 4220 rationalistis,
1067 4139 1253 4208 methodum

128 4229 299 4310 positivam
317 4233 496 4296 obiicimus.
520 4295 524 4300 .

219 4319 277 4383 Vl.
294 4322 449 4386 Methodo
463 4323 599 4401 positiva
615 4322 717 4386 utitur
732 4322 828 4387 homo
846 4323 912 4386 iere
925 4341 942 4386 a
957 4321 1139 4393 nativitate,
1156 4335 1253 4399 quum

129 4406 282 4487 inspiciat
299 4427 338 4473 an
356 4415 441 4475 terra
454 4412 497 4475 sit
513 4427 552 4474 an
570 4407 707 4493 abyssus,
719 4413 901 4495 priusquam
916 4410 1025 4492 podem
1039 4411 1128 4489 ligat:
1143 4423 1182 4470 an
1196 4405 1255 4468 llos

127 4495 177 4559 vel
190 4514 333 4578 serpens;
352 4517 392 4563 an
409 4499 515 4566 vitalis
529 4500 616 4562 cibus
628 4515 668 4562 an
682 4516 851 4564 venenum.
869 4499 922 4566 Sic
938 4499 1006 4562 iura
1016 4497 1149 4578 politica
1162 4499 1194 4559 et
1205 4511 1256 4556 so-

128 4584 224 4650 cialia
237 4585 428 4670 describens,
442 4589 617 4673 perpendat
631 4605 754 4654 neccsse
767 4594 827 4665 est,
842 4589 917 4673 quid
930 4591 963 4652 et
972 4587 1161 4738 undBeOhomo
1174 4583 1257 4648 eius-
