3224 5282
571 315 767 368 riroiusrx.
1141 302 1181 366 71

104 465 293 549 religionem
305 469 337 533 et
348 468 451 548 pacta.
467 465 556 532 Motu
567 464 702 550 quodam
714 469 803 531 recto
819 463 868 531 vel
883 462 1029 532 circulari
1041 466 1148 531 omnia
1160 467 1224 548 agi,

104 575 200 638 quem
215 573 417 639 progressum
433 555 590 639 appellant
601 559 732 621 naturae
744 557 776 621 et
788 554 1006 620 humanitatis.
1021 555 1171 622 Mulieres
1183 557 1229 620 vi-

105 646 149 709 ris
161 645 392 727 coaequandus,
407 661 535 709 curnem
551 646 649 725 alege
660 643 791 725 spiritus
803 643 1075 727 emancipandum,
1090 643 1229 708 familiae

105 735 231 798 vincula
247 733 444 811 exsolvenda,
458 737 494 797 ut
506 751 569 797 non
582 734 644 797 alia
656 749 750 816 qnam
762 733 886 816 generis
897 733 1027 796 humani
1039 733 1161 797 lumilia
1173 733 1230 796 ba-

106 824 233 896 beatur,
251 822 391 886 absoluta
403 821 546 894 omnium
559 823 757 904 aequalitate.
771 825 1013 899 Aerumnosnm,
1029 839 1122 906 quam
1134 823 1230 886 hube-

107 929 178 975 mus
190 911 388 984 societatem,
403 926 442 974 ex
454 914 583 975 naturae
594 914 763 994 praecepto
775 910 840 974 iam
852 909 916 974 iam
928 911 960 974 in
975 910 1070 974 uliam
1079 927 1146 975 esse
1155 928 1231 975 con-

109 999 305 1076 vertendam,
315 998 354 1062 'in
367 1015 427 1083 qua
440 998 571 1079 politica
588 999 744 1080 regimina
755 999 1004 1074 absolutissimae
1018 999 1171 1075 libertati,
1186 1001 1242 1064 la·-

108 1089 168 1153 bor
182 1087 318 1169 gaudiis,
335 1093 501 1169 paupertas
516 1087 634 1152 divitiis
649 1088 773 1152 cedant.
791 1087 885 1153 llisee
896 1089 1019 1172 gaudiis
1030 1088 1176 1154 homines
1192 1089 1230 1152 ud

109 1178 172 1241 aliu
189 1177 260 1240 sine
275 1177 339 1241 fine
355 1177 466 1258 gaudia
481 1176 732 1258 immigraturos,
750 1177 923 1258 usquedum
938 1177 1117 1242 universum
1133 1195 1231 1260 genus

110 1265 299 1340 humanum,
318 1265 470 1347 cumipse
487 1265 610 1341 tellure,
629 1266 668 1330 ad
680 1266 844 1330 caelestem
859 1264 1004 1332 naturam
1015 1283 1069 1331 sua
1081 1266 1112 1333 vi
1125 1268 1232 1332 immi·

108 1360 192 1437 gret,
210 1355 260 1418 vel
274 1356 435 1418 communi
450 1354 570 1420 vortice
584 1355 737 1440 rapiatur.

162 1511 164 1516 ,
198 1442 275 1508 XV.
292 1444 377 1507 llaec
393 1442 485 1507 docet
500 1444 668 1525 multiplex
681 1446 930 1527 pantheisturum
946 1463 1055 1526 genus:
1073 1443 1165 1509 radix
1181 1463 1232 1509 ve-

108 1551 145 1596 ro
162 1529 456 1607 atheismus,.cnius
476 1533 592 1597 surculi
613 1534 806 1599 socialismus
824 1541 856 1602 et
871 1535 1127 1600 eommunismus.
1145 1533 1232 1614 Quae

108 1622 136 1684 si
152 1621 234 1684 olim
255 1620 289 1683 in
305 1620 393 1684 libris
407 1625 441 1685 et
455 1621 570 1686 scholis
592 1623 778 1704 agebantur,
796 1625 883 1689 hisce
898 1623 1092 1705 temporibus
1107 1624 1142 1686 in
1157 1640 1231 1686 oon-

109 1709 277 1775 ventieulis
289 1726 325 1774 ac
335 1709 440 1774 triviis
456 1711 494 1773 ab
506 1709 635 1776 efferato
650 1712 785 1794 quodam
800 1714 916 1797 populo
933 1711 1232 1786 discutiebantur,ut

108 1799 147 1862 ad
164 1798 383 1863 executionem
398 1799 799 1880 perducerenturseilieet,
810 1821 882 1868 cum
894 1803 961 1882 ipsa
969 1797 1163 1867 revelatione
1171 1817 1232 1882 qua

109 1893 243 1953 naturae
253 1887 408 1952 humanae
418 1887 490 1952 linis
498 1905 534 1952 ac
542 1889 679 1970 dignitas
690 1896 848 1966 constant,
859 1897 987 1957 naturae
996 1889 1233 1955 rationulisele-

107 1982 218 2044 menta
234 1994 271 2040 ac
286 1977 355 2040 iura
371 1977 496 2059 expulsa
512 1983 597 2053 sunt;
610 1997 673 2044 uno
688 1981 800 2046 relicto
815 1979 968 2046 materiae
983 1978 1082 2053 cultu,
1097 1995 1159 2060 quo
1175 1979 1233 2042 bo-

107 2084 161 2130 mo
178 2065 218 2128 ad
233 2065 396 2130 brutorum
411 2066 538 2130 infirma
553 2069 761 2134 convertitur.
779 2068 841 2135 Sed
854 2070 992 2151 praestat
1007 2085 1151 2132 errorum
1168 2067 1233 2132 ori-

107 2154 198 2236 gines
214 2154 364 2236 delibare,
382 2155 561 2231 affinitates,
580 2160 674 2238 atque
690 2159 896 2224 incrementa.

197 2243 290 2307 XVI.
307 2243 428 2318 Primo,
445 2248 566 2308 semota
581 2244 686 2310 divina
702 2246 848 2320 historia,
876 2246 923 2315 vel
939 2243 1042 2310 ductis
1059 2246 1097 2310 ab
1112 2261 1148 2308 ea
1164 2249 1230 2310 tru-

105 2331 295 2406 ditionibus,
312 2332 394 2396 unde
409 2333 696 2414 hominisucreatio
715 2337 816 2419 laspus
831 2341 864 2401 et
879 2335 1070 2416 redemptio,
1085 2351 1158 2399 cum
1173 2353 1229 2399 suo

106 2425 193 2486 statu
208 2421 368 2502 praesenti
384 2423 430 2488 vel
446 2422 564 2496 laturo,
588 2423 682 2488 unice
697 2425 933 2506 dignoscuntur;
958 2441 1114 2488 summurn
1128 2421 1230 2487 scien-

108 2509 173 2574 tiae
181 2527 218 2573 ac
226 2509 387 2575 societatis
395 2510 759 2595 reficiendaeimperinm
771 2514 888 2578 rationi
896 2512 1126 2578 conferebatur.
1137 2512 1226 2588 Inde,

106 2603 187 2680 quot
201 2597 318 2680 cupita,
337 2603 386 2664 tot
400 2600 552 2672 rationes;
564 2604 597 2664 et
612 2605 690 2682 quot
704 2603 855 2677 rationes,
869 2606 919 2667 tot
934 2607 1105 2686 systemata
1120 2601 1159 2665 de
1173 2619 1229 2665 na-

107 2693 201 2752 turae
224 2691 257 2752 et
273 2687 432 2753 societatis
452 2687 692 2754 constitutione.
713 2693 800 2756 Tunc
814 2690 975 2765 tenebrae,
1002 2695 1078 2755 tune
1092 2689 1228 2755 somnia.
1280 2719 1284 2726 ·

106 2776 215 2856 Quum
230 2776 315 2838 enim
332 2782 466 2858 nequeat
484 2778 581 2842 bomo
597 2776 758 2862 inquirere
773 2779 910 2846 sollicite
929 2780 1013 2844 unde
1027 2781 1081 2854 sit,
1107 2779 1182 2863 quid
1197 2779 1230 2842 in

106 2867 217 2940 terris,
235 2864 310 2947 quid
322 2865 381 2928 sibi
397 2867 445 2930 vel
460 2867 508 2930 sui
524 2865 679 2932 similibus
693 2867 815 2945 debeat,
832 2886 955 2954 quoque
970 2869 1092 2934 seratur
1103 2869 1149 2932 vel
1162 2871 1232 2932 ten-

106 2955 173 3031 dat;
186 2953 329 3034 ablegata
346 2956 550 3030 revelatione,
562 2961 595 3020 et
611 2956 778 3023 deliciante
791 2961 928 3033 ratione,
943 2956 1102 3038 tigmentis
1117 2956 1228 3020 saltem
1257 3007 1267 3020 .

106 3049 178 3108 erut
193 3043 430 3126 indulgendum.
441 3045 500 3112 Sed
514 3061 626 3126 magna
642 3063 693 3109 res
705 3047 861 3121 homo,ad
877 3046 1007 3111 meliora
1022 3044 1178 3117 conditus,
1197 3051 1229 3109 et

106 3133 261 3196 divinitus
281 3135 471 3198 restauratus
494 3135 533 3197 ad
548 3134 743 3200 sublimiora.
760 3137 829 3203 Hoc
844 3139 970 3200 retento
990 3139 1121 3199 naturae
1145 3133 1226 3206 nisu,

105 3223 160 3285 sed
177 3220 343 3302 expunctis
357 3222 532 3287 rationibus
548 3223 740 3306 propositum
755 3225 852 3289 finem
867 3222 1085 3302 contingendi,
1103 3223 1230 3301 excogi-

107 3315 192 3375 tatus
208 3313 257 3373 est
271 3327 452 3389 progressus
468 3312 784 3385 indeficiens,viribus
800 3318 931 3377 naturae
945 3310 1184 3396 adipiscendus(
1204 3309 1226 3394 ).

199 3397 308 3463 xvll.
325 3399 408 3463 Hinc
423 3399 545 3466 lervens
562 3401 817 3466 naturalistarum
830 3400 930 3464 labor.
945 3399 1070 3464 Politioi
1081 3399 1170 3464 novis
1181 3417 1231 3464 re-

108 3486 267 3569 giminum
279 3487 390 3550 formis
399 3488 802 3572 adlaborunt;prclerendis
812 3489 1049 3554 commodorum
1060 3493 1094 3553 et
1104 3488 1231 3552 divitia-

109 3595 179 3640 rum
196 3575 353 3650 lontibus,
372 3579 608 3655 oeconomumq-
629 3578 812 3644 soeietatem
830 3583 862 3643 et
880 3579 1111 3661 proprietatem
1126 3576 1231 3640 lundi-

110 3669 158 3729 tus
176 3663 415 3729 reformandam
431 3666 603 3748 suscipiunt
619 3667 673 3749 qui
688 3667 762 3731 inde
778 3667 977 3748 appellantur
991 3667 1176 3730 socialistoe.

198 3753 322 3817 Verum
334 3754 454 3818 formae
470 3754 620 3835 politicae
636 3755 715 3820 nibil
731 3761 804 3820 sunt
818 3775 858 3820 ex
872 3755 993 3836 seipsis:
1011 3755 1229 3837 despotismus‚

110 3844 239 3926 ipsaque
256 3843 413 3926 tyrannis,
431 3861 503 3908 curn
520 3844 705 3909 monarchia
724 3846 773 3910 vel
789 3843 987 3910 aristocratia
1010 3844 1058 3909 vel
1074 3845 1233 3908 democru-
1281 3897 1284 3906 .

193 4025 233 4095 lot
250 4028 429 4099 progressum
443 4035 556 4085 naturae
571 4029 778 4104 indeficientem,
793 4045 827 4088 ex
841 4045 874 4088 eo
887 4035 1000 4088 tuentur
1012 4027 1146 4102 nonnulli,
1161 4027 1232 4100 quod
1291 4067 1293 4070 -

111 4104 157 4173 ipsi
169 4117 281 4158 errores
292 4105 448 4174 etgentinm
461 4111 648 4178 tempestates,
657 4107 684 4162 in
693 4105 785 4179 aliqua
795 4108 931 4164 societatis
941 4107 1014 4162 bona
1024 4110 1228 4162 convertantur.

110 4181 161 4236 Sed
173 4193 310 4248 corporea
321 4194 353 4234 ne
367 4178 516 4236 valitudine
529 4181 636 4252 prolicit
647 4183 736 4254 bomo,
755 4183 800 4254 qui
811 4183 908 4239 hausto
919 4197 1033 4254 veneno,
1051 4181 1109 4237 eius
1119 4181 1173 4235 vim
1184 4193 1232 4236 ex-

111 4253 230 4324 peritur?
249 4253 393 4325 Equidem,
410 4257 609 4326 sapientissima
623 4258 746 4314 Numinis
760 4257 939 4328 providentia,
957 4257 1025 4313 bona
1038 4256 1184 4313 eliciuntur
1198 4269 1230 4310 ex

111 4329 199 4386 malis.
209 4331 245 4384 At
260 4345 311 4385 nos
322 4330 410 4386 verbis
421 4339 501 4404 utque
513 4331 579 4388 ideis
590 4332 738 4389 illudimur:
748 4350 801 4389 non
812 4334 883 4390 euim
894 4340 959 4389 lunc
972 4338 1087 4388 naturae
1098 4345 1230 4402 progres-

110 4423 156 4462 sus
169 4405 341 4477 indeficiens3
356 4421 461 4478 verum,
477 4409 580 4464 erranti
595 4415 676 4481 atque
691 4407 825 4465 dedolenti
839 4415 963 4478 naturae,
976 4407 1146 4482 indqieieus
1162 4406 1232 4460 emi·

112 4489 156 4538 net
170 4479 375 4611 Prouidentia,
391 4482 467 4538 euius
482 4485 618 4556 praesenti
634 4484 746 4542 consilio
761 4499 806 4542 res
820 4491 929 4544 nostrae
943 4483 1100 4556 diriguntur
1113 4495 1144 4536 ac
1159 4485 1232 4535 tem·

113 4572 195 4627 perun
210 4573 254 4611 ur.
