<?xml version="1.0" encoding="UTF-8"?>
<!DOCTYPE html PUBLIC "-//W3C//DTD XHTML 1.0 Transitional//EN"
    "http://www.w3.org/TR/xhtml1/DTD/xhtml1-transitional.dtd">
<html xmlns="http://www.w3.org/1999/xhtml" xml:lang="en" lang="en">
 <head>
  <title>
</title>
<meta http-equiv="Content-Type" content="text/html;charset=utf-8" />
  <meta name='ocr-system' content='tesseract 3.04.00' />
  <meta name='ocr-capabilities' content='ocr_page ocr_carea ocr_par ocr_line ocrx_word'/>
</head>
<body>
  <div class='ocr_page' id='page_1' title='image "./iurisnaturaeetg01audigoog_0246.png"; bbox 0 0 3238 5282; ppageno 0'>
   <div class='ocr_carea' id='block_1_1' title="bbox 570 287 1198 362">
    <p class='ocr_par' dir='ltr' id='par_1_1' title="bbox 570 287 1198 362">
     <span class='ocr_line' id='line_1_1' title="bbox 570 287 1198 362; baseline -0.011 -5"><span class='ocrx_word' id='word_1_1' title='bbox 570 307 815 362; x_wconf 79' lang='lat' dir='ltr'><strong>rmnuusxvru.</strong></span> <span class='ocrx_word' id='word_1_2' title='bbox 1133 287 1198 351; x_wconf 69' lang='lat'><strong>225</strong></span> 
     </span>
    </p>
   </div>
   <div class='ocr_carea' id='block_1_2' title="bbox 1 449 1242 542">
    <p class='ocr_par' dir='ltr' id='par_1_2' title="bbox 1 449 1242 542">
     <span class='ocr_line' id='line_1_2' title="bbox 1 449 1242 542; baseline -0.008 -19"><span class='ocrx_word' id='word_1_3' title='bbox 1 537 2 541; x_wconf 7' lang='grc' dir='ltr'><strong>Ἰ</strong></span> <span class='ocrx_word' id='word_1_4' title='bbox 122 462 212 524; x_wconf 90' lang='lat' dir='ltr'><strong>runt:</strong></span> <span class='ocrx_word' id='word_1_5' title='bbox 230 458 258 523; x_wconf 86' lang='lat' dir='ltr'><strong>si</strong></span> <span class='ocrx_word' id='word_1_6' title='bbox 273 457 344 542; x_wconf 86' lang='lat' dir='ltr'><strong>quis</strong></span> <span class='ocrx_word' id='word_1_7' title='bbox 359 455 596 533; x_wconf 85' lang='lat' dir='ltr'><strong>occentavisset,</strong></span> <span class='ocrx_word' id='word_1_8' title='bbox 613 456 679 523; x_wconf 86' lang='lat' dir='ltr'><strong>sive</strong></span> <span class='ocrx_word' id='word_1_9' title='bbox 694 471 821 522; x_wconf 90' lang='lat' dir='ltr'><strong>carmen</strong></span> <span class='ocrx_word' id='word_1_10' title='bbox 837 452 1050 537; x_wconf 73' lang='lat' dir='ltr'><strong>condidisset,</strong></span> <span class='ocrx_word' id='word_1_11' title='bbox 1061 449 1145 533; x_wconf 85' lang='lat' dir='ltr'><strong>quod</strong></span> <span class='ocrx_word' id='word_1_12' title='bbox 1159 449 1242 514; x_wconf 88' lang='lat' dir='ltr'><strong>inia-</strong></span> 
     </span>
    </p>
   </div>
   <div class='ocr_carea' id='block_1_3' title="bbox 124 535 1490 792">
    <p class='ocr_par' dir='ltr' id='par_1_3' title="bbox 124 535 1490 792">
     <span class='ocr_line' id='line_1_3' title="bbox 124 535 1490 642; baseline -0.046 -29"><span class='ocrx_word' id='word_1_13' title='bbox 124 549 224 612; x_wconf 92' lang='lat' dir='ltr'><strong>miam</strong></span> <span class='ocrx_word' id='word_1_14' title='bbox 239 547 359 613; x_wconf 89' lang='lat' dir='ltr'><strong>iaceret</strong></span> <span class='ocrx_word' id='word_1_15' title='bbox 374 545 569 627; x_wconf 79' lang='lat' dir='ltr'><strong>flagitiumve</strong></span> <span class='ocrx_word' id='word_1_16' title='bbox 580 543 674 610; x_wconf 90' lang='lat' dir='ltr'><strong>alteri</strong></span> <span class='ocrx_word' id='word_1_17' title='bbox 691 543 721 629; x_wconf 84' lang='lat'><strong>1)</strong></span> <span class='ocrx_word' id='word_1_18' title='bbox 736 542 789 630; x_wconf 87' lang='lat' dir='ltr'><strong>(a).</strong></span> <span class='ocrx_word' id='word_1_19' title='bbox 809 566 827 607; x_wconf 76' lang='lat' dir='ltr'><strong>s</strong></span> <span class='ocrx_word' id='word_1_20' title='bbox 992 554 995 562; x_wconf 96' lang='lat'><em>·</em></span> <span class='ocrx_word' id='word_1_21' title='bbox 1125 551 1130 562; x_wconf 90' lang='lat'><strong>·</strong></span> <span class='ocrx_word' id='word_1_22' title='bbox 1286 537 1308 608; x_wconf 61' lang='grc'><strong>1)</strong></span> <span class='ocrx_word' id='word_1_23' title='bbox 1320 535 1428 642; x_wconf 34' lang='lat' dir='ltr'><strong>magde</strong></span> <span class='ocrx_word' id='word_1_24' title='bbox 1438 539 1490 593; x_wconf 46' lang='lat' dir='ltr'><strong>ne·</strong></span> 
     </span>
     <span class='ocr_line' id='line_1_4' title="bbox 125 614 1398 792; baseline -0.039 -75"><span class='ocrx_word' id='word_1_25' title='bbox 125 731 177 791; x_wconf 55' lang='lat' dir='ltr'><strong>mr</strong></span> <span class='ocrx_word' id='word_1_26' title='bbox 192 635 492 792; x_wconf 39' lang='grc' dir='ltr'><strong>γεΧΐξξέἱιὶξῖιῑιιιιιιίι</strong></span> <span class='ocrx_word' id='word_1_27' title='bbox 511 635 699 717; x_wconf 78' lang='lat' dir='ltr'><strong>gravitatem</strong></span> <span class='ocrx_word' id='word_1_28' title='bbox 708 634 874 710; x_wconf 86' lang='lat' dir='ltr'><strong>·habemns;</strong></span> <span class='ocrx_word' id='word_1_29' title='bbox 897 630 984 698; x_wconf 87' lang='lat' dir='ltr'><strong>modi</strong></span> <span class='ocrx_word' id='word_1_30' title='bbox 999 629 1063 694; x_wconf 85' lang='lat' dir='ltr'><strong>illis</strong></span> <span class='ocrx_word' id='word_1_31' title='bbox 1079 627 1242 692; x_wconf 71' lang='lat' dir='ltr'><strong>includun.</strong></span> <span class='ocrx_word' id='word_1_32' title='bbox 1258 615 1340 686; x_wconf 76' lang='lat' dir='ltr'><strong>rut..</strong></span> <span class='ocrx_word' id='word_1_33' title='bbox 1357 614 1398 671; x_wconf 83' lang='lat' dir='ltr'><strong>tt.</strong></span> 
     </span>
    </p>
   </div>
   <div class='ocr_carea' id='block_1_4' title="bbox 277 829 1027 1000">
    <p class='ocr_par' dir='ltr' id='par_1_4' title="bbox 277 829 1027 1000">
     <span class='ocr_line' id='line_1_5' title="bbox 279 829 1027 924; baseline -0.005 -17"><span class='ocrx_word' id='word_1_34' title='bbox 279 853 436 924; x_wconf 81' lang='lat' dir='ltr'><strong>imponens,</strong></span> <span class='ocrx_word' id='word_1_35' title='bbox 451 863 565 924; x_wconf 76' lang='lat' dir='ltr'><strong>augens,</strong></span> <span class='ocrx_word' id='word_1_36' title='bbox 582 829 768 922; x_wconf 76' lang='lat' dir='ltr'><strong>manifestans,</strong></span> <span class='ocrx_word' id='word_1_37' title='bbox 782 850 809 906; x_wconf 91' lang='lat' dir='ltr'><strong>in</strong></span> <span class='ocrx_word' id='word_1_38' title='bbox 824 847 895 906; x_wconf 88' lang='lat' dir='ltr'><strong>mala</strong></span> <span class='ocrx_word' id='word_1_39' title='bbox 909 853 1027 918; x_wconf 79' lang='lat' dir='ltr'><strong>vertens,</strong></span> 
     </span>
     <span class='ocr_line' id='line_1_6' title="bbox 277 924 1018 1000; baseline -0.007 -16"><span class='ocrx_word' id='word_1_40' title='bbox 277 929 326 998; x_wconf 83' lang='lat' dir='ltr'><strong>Qui</strong></span> <span class='ocrx_word' id='word_1_41' title='bbox 340 933 431 1000; x_wconf 82' lang='lat' dir='ltr'><strong>negat,</strong></span> <span class='ocrx_word' id='word_1_42' title='bbox 446 932 494 984; x_wconf 91' lang='lat' dir='ltr'><strong>aut</strong></span> <span class='ocrx_word' id='word_1_43' title='bbox 508 927 616 999; x_wconf 87' lang='lat' dir='ltr'><strong>minuit,</strong></span> <span class='ocrx_word' id='word_1_44' title='bbox 631 927 740 1000; x_wconf 86' lang='lat' dir='ltr'><strong>reticet,</strong></span> <span class='ocrx_word' id='word_1_45' title='bbox 756 925 879 984; x_wconf 85' lang='lat' dir='ltr'><strong>laudatve</strong></span> <span class='ocrx_word' id='word_1_46' title='bbox 893 924 1018 982; x_wconf 87' lang='lat' dir='ltr'><strong>remisse.</strong></span> 
     </span>
    </p>
   </div>
   <div class='ocr_carea' id='block_1_5' title="bbox 122 1039 1240 1342">
    <p class='ocr_par' dir='ltr' id='par_1_5' title="bbox 122 1039 1240 1342">
     <span class='ocr_line' id='line_1_7' title="bbox 215 1039 1240 1163; baseline 0 -17"><span class='ocrx_word' id='word_1_47' title='bbox 215 1079 363 1146; x_wconf 87' lang='lat' dir='ltr'><strong>Eiusdem</strong></span> <span class='ocrx_word' id='word_1_48' title='bbox 379 1078 559 1163; x_wconf 88' lang='lat' dir='ltr'><strong>iniquitatis</strong></span> <span class='ocrx_word' id='word_1_49' title='bbox 570 1078 651 1146; x_wconf 90' lang='lat' dir='ltr'><strong>iiunt</strong></span> <span class='ocrx_word' id='word_1_50' title='bbox 662 1077 847 1162; x_wconf 76' lang='lat' dir='ltr'>participes,</span> <span class='ocrx_word' id='word_1_51' title='bbox 857 1076 913 1160; x_wconf 84' lang='lat' dir='ltr'><strong>qui</strong></span> <span class='ocrx_word' id='word_1_52' title='bbox 925 1039 1009 1142; x_wconf 84' lang='lat' dir='ltr'><strong>ultm</strong></span> <span class='ocrx_word' id='word_1_53' title='bbox 1022 1077 1162 1144; x_wconf 81' lang='lat' dir='ltr'><strong>annosas</strong></span> <span class='ocrx_word' id='word_1_54' title='bbox 1173 1098 1240 1146; x_wconf 90' lang='lat' dir='ltr'><strong>ma-</strong></span> 
     </span>
     <span class='ocr_line' id='line_1_8' title="bbox 123 1165 1240 1249; baseline 0.002 -17"><span class='ocrx_word' id='word_1_55' title='bbox 123 1169 328 1234; x_wconf 88' lang='lat' dir='ltr'><strong>ledicentibus</strong></span> <span class='ocrx_word' id='word_1_56' title='bbox 344 1173 398 1236; x_wconf 79' lang='lat' dir='ltr'><strong>atat</strong></span> <span class='ocrx_word' id='word_1_57' title='bbox 410 1165 569 1249; x_wconf 89' lang='lat' dir='ltr'><strong>patientes</strong></span> <span class='ocrx_word' id='word_1_58' title='bbox 583 1179 674 1233; x_wconf 89' lang='lat' dir='ltr'><strong>aures</strong></span> <span class='ocrx_word' id='word_1_59' title='bbox 689 1167 943 1240; x_wconf 85' lang='lat' dir='ltr'><strong>accommodant,</strong></span> <span class='ocrx_word' id='word_1_60' title='bbox 964 1167 1047 1232; x_wconf 88' lang='lat' dir='ltr'><strong>unde</strong></span> <span class='ocrx_word' id='word_1_61' title='bbox 1064 1185 1172 1234; x_wconf 85' lang='lat' dir='ltr'><strong>ansam</strong></span> <span class='ocrx_word' id='word_1_62' title='bbox 1188 1188 1240 1234; x_wconf 89' lang='lat' dir='ltr'><strong>ur·</strong></span> 
     </span>
     <span class='ocr_line' id='line_1_9' title="bbox 122 1255 1239 1342; baseline 0.003 -20"><span class='ocrx_word' id='word_1_63' title='bbox 122 1259 259 1342; x_wconf 89' lang='lat' dir='ltr'><strong>ripiunt.</strong></span> <span class='ocrx_word' id='word_1_64' title='bbox 277 1257 417 1323; x_wconf 76' lang='lat' dir='ltr'><strong>Iniuriae</strong></span> <span class='ocrx_word' id='word_1_65' title='bbox 429 1261 462 1322; x_wconf 90' lang='lat' dir='ltr'><strong>et</strong></span> <span class='ocrx_word' id='word_1_66' title='bbox 476 1273 598 1340; x_wconf 73' lang='lat' dir='ltr'><strong>poenm</strong></span> <span class='ocrx_word' id='word_1_67' title='bbox 612 1256 773 1339; x_wconf 77' lang='lat' dir='ltr'><strong>quantitas</strong></span> <span class='ocrx_word' id='word_1_68' title='bbox 785 1255 1006 1337; x_wconf 84' lang='lat' dir='ltr'><strong>aestimabitur</strong></span> <span class='ocrx_word' id='word_1_69' title='bbox 1014 1275 1054 1321; x_wconf 87' lang='lat' dir='ltr'><strong>ex</strong></span> <span class='ocrx_word' id='word_1_70' title='bbox 1064 1257 1239 1324; x_wconf 88' lang='lat' dir='ltr'><strong>detrimen·</strong></span> 
     </span>
    </p>
   </div>
   <div class='ocr_carea' id='block_1_6' title="bbox 1 1344 1239 1518">
    <p class='ocr_par' dir='ltr' id='par_1_6' title="bbox 1 1344 1239 1530">
     <span class='ocr_line' id='line_1_10' title="bbox 1 1344 1239 1430; baseline -0.002 -14"><span class='ocrx_word' id='word_1_71' title='bbox 1 1411 2 1416; x_wconf 75' lang='grc'>,</span> <span class='ocrx_word' id='word_1_72' title='bbox 125 1354 160 1412; x_wconf 94' lang='lat' dir='ltr'><strong>to</strong></span> <span class='ocrx_word' id='word_1_73' title='bbox 176 1352 271 1429; x_wconf 87' lang='lat' dir='ltr'><strong>atque</strong></span> <span class='ocrx_word' id='word_1_74' title='bbox 293 1345 491 1428; x_wconf 74' lang='lat' dir='ltr'>aegritudine</span> <span class='ocrx_word' id='word_1_75' title='bbox 506 1345 589 1410; x_wconf 89' lang='lat' dir='ltr'><strong>unde</strong></span> <span class='ocrx_word' id='word_1_76' title='bbox 605 1345 705 1410; x_wconf 87' lang='lat' dir='ltr'><strong>laesus</strong></span> <span class='ocrx_word' id='word_1_77' title='bbox 721 1346 887 1421; x_wconf 88' lang='lat' dir='ltr'><strong>alliciatur,</strong></span> <span class='ocrx_word' id='word_1_78' title='bbox 913 1344 1024 1409; x_wconf 92' lang='lat' dir='ltr'><strong>habito</strong></span> <span class='ocrx_word' id='word_1_79' title='bbox 1039 1347 1183 1430; x_wconf 89' lang='lat' dir='ltr'><strong>respectu</strong></span> <span class='ocrx_word' id='word_1_80' title='bbox 1199 1347 1239 1412; x_wconf 83' lang='lat' dir='ltr'><strong>ad</strong></span> 
     </span>
     <span class='ocr_line' id='line_1_11' title="bbox 122 1435 1239 1518; baseline 0.002 -18.707"><span class='ocrx_word' id='word_1_81' title='bbox 122 1453 304 1517; x_wconf 77' lang='lat' dir='ltr'><strong>personam.</strong></span> <span class='ocrx_word' id='word_1_82' title='bbox 323 1435 532 1518; x_wconf 89' lang='lat' dir='ltr'><strong>lndequoque</strong></span> <span class='ocrx_word' id='word_1_83' title='bbox 543 1435 713 1516; x_wconf 87' lang='lat' dir='ltr'><strong>reparandi</strong></span> <span class='ocrx_word' id='word_1_84' title='bbox 725 1453 805 1499; x_wconf 87' lang='lat' dir='ltr'><strong>onus</strong></span> <span class='ocrx_word' id='word_1_85' title='bbox 820 1438 914 1516; x_wconf 87' lang='lat' dir='ltr'><strong>atque</strong></span> <span class='ocrx_word' id='word_1_86' title='bbox 926 1450 1085 1499; x_wconf 88' lang='lat' dir='ltr'><strong>mensura.</strong></span> <span class='ocrx_word' id='word_1_87' title='bbox 1100 1437 1239 1518; x_wconf 86' lang='lat' dir='ltr'><strong>Repara-</strong></span> 
     </span>
    </p>
   </div>
   <div class='ocr_carea' id='block_1_7' title="bbox 124 1523 1240 1608">
    <p class='ocr_par' dir='ltr' id='par_1_7' title="bbox 124 1523 1240 1608">
     <span class='ocr_line' id='line_1_12' title="bbox 124 1523 1240 1608; baseline 0.001 -18"><span class='ocrx_word' id='word_1_88' title='bbox 124 1526 173 1590; x_wconf 93' lang='lat' dir='ltr'><strong>tio</strong></span> <span class='ocrx_word' id='word_1_89' title='bbox 189 1529 296 1589; x_wconf 89' lang='lat' dir='ltr'><strong>autem</strong></span> <span class='ocrx_word' id='word_1_90' title='bbox 311 1525 339 1588; x_wconf 93' lang='lat' dir='ltr'><strong>si</strong></span> <span class='ocrx_word' id='word_1_91' title='bbox 354 1524 394 1589; x_wconf 87' lang='lat' dir='ltr'><strong>sd</strong></span> <span class='ocrx_word' id='word_1_92' title='bbox 405 1524 567 1606; x_wconf 78' lang='lat' dir='ltr'><strong>integrum</strong></span> <span class='ocrx_word' id='word_1_93' title='bbox 578 1523 716 1589; x_wconf 79' lang='lat' dir='ltr'><strong>mortuis</strong></span> <span class='ocrx_word' id='word_1_94' title='bbox 727 1524 873 1598; x_wconf 81' lang='lat' dir='ltr'><strong>deh‘etur,</strong></span> <span class='ocrx_word' id='word_1_95' title='bbox 886 1541 984 1608; x_wconf 86' lang='lat' dir='ltr'><strong>quum</strong></span> <span class='ocrx_word' id='word_1_96' title='bbox 996 1524 1194 1591; x_wconf 88' lang='lat' dir='ltr'><strong>immortales</strong></span> <span class='ocrx_word' id='word_1_97' title='bbox 1206 1543 1240 1590; x_wconf 91' lang='lat' dir='ltr'><strong>a·</strong></span> 
     </span>
    </p>
   </div>
   <div class='ocr_carea' id='block_1_8' title="bbox 1 1611 1246 1698">
    <p class='ocr_par' dir='ltr' id='par_1_8' title="bbox 1 1611 1246 1698">
     <span class='ocr_line' id='line_1_13' title="bbox 1 1611 1246 1698; baseline 0 -20"><span class='ocrx_word' id='word_1_98' title='bbox 1 1683 2 1696; x_wconf 12' lang='grc' dir='ltr'><strong>ξ</strong></span> <span class='ocrx_word' id='word_1_99' title='bbox 126 1615 232 1679; x_wconf 90' lang='lat' dir='ltr'><strong>nimae</strong></span> <span class='ocrx_word' id='word_1_100' title='bbox 249 1631 408 1697; x_wconf 89' lang='lat' dir='ltr'><strong>nunquam</strong></span> <span class='ocrx_word' id='word_1_101' title='bbox 425 1613 495 1678; x_wconf 89' lang='lat' dir='ltr'><strong>iure</strong></span> <span class='ocrx_word' id='word_1_102' title='bbox 510 1612 544 1677; x_wconf 95' lang='lat' dir='ltr'><strong>in</strong></span> <span class='ocrx_word' id='word_1_103' title='bbox 560 1629 648 1678; x_wconf 89' lang='lat' dir='ltr'><strong>suam</strong></span> <span class='ocrx_word' id='word_1_104' title='bbox 664 1611 948 1689; x_wconf 83' lang='lat' dir='ltr'><strong>iamamexcidant;</strong></span> <span class='ocrx_word' id='word_1_105' title='bbox 967 1611 1061 1677; x_wconf 90' lang='lat' dir='ltr'><strong>latius</strong></span> <span class='ocrx_word' id='word_1_106' title='bbox 1073 1613 1107 1677; x_wconf 93' lang='lat' dir='ltr'><strong>in</strong></span> <span class='ocrx_word' id='word_1_107' title='bbox 1119 1631 1174 1678; x_wconf 90' lang='lat' dir='ltr'><strong>cos</strong></span> <span class='ocrx_word' id='word_1_108' title='bbox 1183 1630 1246 1698; x_wconf 70' lang='lat' dir='ltr'><strong>pa·,</strong></span> 
     </span>
    </p>
   </div>
   <div class='ocr_carea' id='block_1_9' title="bbox 125 1701 1239 1786">
    <p class='ocr_par' dir='ltr' id='par_1_9' title="bbox 125 1701 1239 1786">
     <span class='ocr_line' id='line_1_14' title="bbox 125 1701 1239 1786; baseline 0 -19"><span class='ocrx_word' id='word_1_109' title='bbox 125 1709 174 1769; x_wconf 91' lang='lat' dir='ltr'><strong>tct</strong></span> <span class='ocrx_word' id='word_1_110' title='bbox 188 1703 242 1785; x_wconf 87' lang='lat' dir='ltr'><strong>qui</strong></span> <span class='ocrx_word' id='word_1_111' title='bbox 258 1707 436 1786; x_wconf 82' lang='lat' dir='ltr'><strong>supersunt.</strong></span> <span class='ocrx_word' id='word_1_112' title='bbox 448 1702 571 1786; x_wconf 78' lang='lat' dir='ltr'><strong>Damna</strong></span> <span class='ocrx_word' id='word_1_113' title='bbox 587 1703 694 1785; x_wconf 85' lang='lat' dir='ltr'><strong>itaque</strong></span> <span class='ocrx_word' id='word_1_114' title='bbox 710 1702 817 1767; x_wconf 91' lang='lat' dir='ltr'><strong>omnia</strong></span> <span class='ocrx_word' id='word_1_115' title='bbox 828 1701 1013 1782; x_wconf 77' lang='lat' dir='ltr'><strong>personalia</strong></span> <span class='ocrx_word' id='word_1_116' title='bbox 1024 1707 1057 1767; x_wconf 91' lang='lat' dir='ltr'><strong>et</strong></span> <span class='ocrx_word' id='word_1_117' title='bbox 1071 1703 1174 1767; x_wconf 82' lang='lat' dir='ltr'><strong>realia</strong></span> <span class='ocrx_word' id='word_1_118' title='bbox 1184 1703 1239 1768; x_wconf 85' lang='lat' dir='ltr'><strong>ad-</strong></span> 
     </span>
    </p>
   </div>
   <div class='ocr_carea' id='block_1_10' title="bbox 1 1791 1346 1974">
    <p class='ocr_par' dir='ltr' id='par_1_10' title="bbox 1 1791 1346 1974">
     <span class='ocr_line' id='line_1_15' title="bbox 1 1791 1239 1878; baseline 0.002 -22"><span class='ocrx_word' id='word_1_119' title='bbox 1 1855 2 1878; x_wconf 23' lang='lat'><strong>,</strong></span> <span class='ocrx_word' id='word_1_120' title='bbox 124 1793 274 1858; x_wconf 83' lang='lat' dir='ltr'><strong>amussim</strong></span> <span class='ocrx_word' id='word_1_121' title='bbox 296 1791 531 1858; x_wconf 74' lang='lat' dir='ltr'><strong>sarcienda-Et</strong></span> <span class='ocrx_word' id='word_1_122' title='bbox 549 1797 640 1874; x_wconf 82' lang='lat' dir='ltr'><strong>quot,</strong></span> <span class='ocrx_word' id='word_1_123' title='bbox 663 1809 819 1876; x_wconf 85' lang='lat' dir='ltr'><strong>quamque</strong></span> <span class='ocrx_word' id='word_1_124' title='bbox 839 1807 952 1871; x_wconf 81' lang='lat' dir='ltr'><strong>magna</strong></span> <span class='ocrx_word' id='word_1_125' title='bbox 975 1807 1038 1855; x_wconf 93' lang='lat' dir='ltr'><strong>uno</strong></span> <span class='ocrx_word' id='word_1_126' title='bbox 1052 1793 1239 1876; x_wconf 88' lang='lat' dir='ltr'><strong>quandoque</strong></span> 
     </span>
     <span class='ocr_line' id='line_1_16' title="bbox 1 1877 1346 1974; baseline 0.001 -28"><span class='ocrx_word' id='word_1_127' title='bbox 1 1947 3 1974; x_wconf 63' lang='lat'><strong>,</strong></span> <span class='ocrx_word' id='word_1_128' title='bbox 124 1877 1239 1966; x_wconf 80' lang='lat' dir='ltr'><strong>verhoiaeulanturlQuamqueirrcparahilialverissimenamque,etsi</strong></span> <span class='ocrx_word' id='word_1_129' title='bbox 1341 1885 1346 1896; x_wconf 85' lang='lat'>&#39;</span> 
     </span>
    </p>
   </div>
   <div class='ocr_carea' id='block_1_11' title="bbox 123 1969 1239 2054">
    <p class='ocr_par' dir='ltr' id='par_1_11' title="bbox 123 1969 1239 2054">
     <span class='ocr_line' id='line_1_17' title="bbox 123 1969 1239 2054; baseline 0.001 -18"><span class='ocrx_word' id='word_1_130' title='bbox 123 1971 256 2054; x_wconf 85' lang='lat' dir='ltr'><strong>perfide,</strong></span> <span class='ocrx_word' id='word_1_131' title='bbox 273 1971 398 2036; x_wconf 87' lang='lat' dir='ltr'><strong>Medius</strong></span> <span class='ocrx_word' id='word_1_132' title='bbox 412 1969 479 2045; x_wconf 90' lang='lat' dir='ltr'><strong>ille,</strong></span> <span class='ocrx_word' id='word_1_133' title='bbox 497 1973 533 2035; x_wconf 93' lang='lat' dir='ltr'><strong>ut</strong></span> <span class='ocrx_word' id='word_1_134' title='bbox 547 1975 596 2040; x_wconf 87' lang='lat' dir='ltr'><strong>est</strong></span> <span class='ocrx_word' id='word_1_135' title='bbox 607 1969 689 2052; x_wconf 88' lang='lat' dir='ltr'><strong>apud</strong></span> <span class='ocrx_word' id='word_1_136' title='bbox 705 1969 924 2044; x_wconf 88' lang='lat' dir='ltr'><strong>Plutarchum,</strong></span> <span class='ocrx_word' id='word_1_137' title='bbox 936 1970 1002 2038; x_wconf 85' lang='lat' dir='ltr'><strong>suis</strong></span> <span class='ocrx_word' id='word_1_138' title='bbox 1017 1970 1239 2052; x_wconf 86' lang='lat' dir='ltr'><strong>imperabatut</strong></span> 
     </span>
    </p>
   </div>
   <div class='ocr_carea' id='block_1_12' title="bbox 122 2058 1239 2134">
    <p class='ocr_par' dir='ltr' id='par_1_12' title="bbox 1 2047 1239 2146">
     <span class='ocr_line' id='line_1_18' title="bbox 122 2058 1239 2134; baseline -0.002 -9.195"><span class='ocrx_word' id='word_1_139' title='bbox 122 2061 271 2126; x_wconf 88' lang='lat' dir='ltr'><strong>audacter</strong></span> <span class='ocrx_word' id='word_1_140' title='bbox 280 2058 455 2125; x_wconf 89' lang='lat' dir='ltr'><strong>calumnias</strong></span> <span class='ocrx_word' id='word_1_141' title='bbox 471 2059 625 2125; x_wconf 84' lang='lat' dir='ltr'><strong>iacerent:</strong></span> <span class='ocrx_word' id='word_1_142' title='bbox 646 2059 752 2124; x_wconf 87' lang='lat' dir='ltr'><strong>ulcere</strong></span> <span class='ocrx_word' id='word_1_143' title='bbox 766 2059 887 2124; x_wconf 89' lang='lat' dir='ltr'><strong>scilieet</strong></span> <span class='ocrx_word' id='word_1_144' title='bbox 902 2064 1088 2134; x_wconf 85' lang='lat' dir='ltr'><strong>consancta,</strong></span> <span class='ocrx_word' id='word_1_145' title='bbox 1110 2059 1239 2132; x_wconf 87' lang='lat' dir='ltr'><strong>cicatri-</strong></span> 
     </span>
    </p>
   </div>
   <div class='ocr_carea' id='block_1_13' title="bbox 120 2146 1487 2323">
    <p class='ocr_par' dir='ltr' id='par_1_13' title="bbox 120 2146 1487 2323">
     <span class='ocr_line' id='line_1_19' title="bbox 123 2146 1487 2235; baseline 0.001 -19"><span class='ocrx_word' id='word_1_146' title='bbox 123 2169 195 2216; x_wconf 90' lang='lat' dir='ltr'><strong>cem</strong></span> <span class='ocrx_word' id='word_1_147' title='bbox 210 2152 331 2216; x_wconf 87' lang='lat' dir='ltr'><strong>tament</strong></span> <span class='ocrx_word' id='word_1_148' title='bbox 343 2165 522 2214; x_wconf 89' lang='lat' dir='ltr'><strong>mansuram</strong></span> <span class='ocrx_word' id='word_1_149' title='bbox 534 2146 578 2233; x_wconf 80' lang='lat'><strong>2).</strong></span> <span class='ocrx_word' id='word_1_150' title='bbox 589 2149 639 2214; x_wconf 86' lang='lat' dir='ltr'><strong>Ex</strong></span> <span class='ocrx_word' id='word_1_151' title='bbox 650 2167 712 2232; x_wconf 88' lang='lat' dir='ltr'><strong>quo</strong></span> <span class='ocrx_word' id='word_1_152' title='bbox 720 2148 912 2213; x_wconf 90' lang='lat' dir='ltr'><strong>diabolicum</strong></span> <span class='ocrx_word' id='word_1_153' title='bbox 924 2147 1191 2214; x_wconf 87' lang='lat' dir='ltr'><strong>illudaVolterio</strong></span> <span class='ocrx_word' id='word_1_154' title='bbox 1203 2168 1241 2213; x_wconf 91' lang='lat' dir='ltr'><strong>u·</strong></span> <span class='ocrx_word' id='word_1_155' title='bbox 1274 2159 1487 2235; x_wconf 75' lang='lat' dir='ltr'><strong>ttPlut.,dea-</strong></span> 
     </span>
     <span class='ocr_line' id='line_1_20' title="bbox 120 2234 1487 2323; baseline -0.003 -19"><span class='ocrx_word' id='word_1_156' title='bbox 120 2245 295 2323; x_wconf 88' lang='lat' dir='ltr'><strong>surpatum:</strong></span> <span class='ocrx_word' id='word_1_157' title='bbox 311 2259 329 2299; x_wconf 88' lang='grc' dir='ltr'><strong>ιι</strong></span> <span class='ocrx_word' id='word_1_158' title='bbox 343 2236 556 2312; x_wconf 81' lang='lat' dir='ltr'><strong>calumniare,</strong></span> <span class='ocrx_word' id='word_1_159' title='bbox 570 2234 776 2303; x_wconf 89' lang='lat' dir='ltr'><strong>calumniarel</strong></span> <span class='ocrx_word' id='word_1_160' title='bbox 787 2254 911 2319; x_wconf 90' lang='lat' dir='ltr'><strong>semper</strong></span> <span class='ocrx_word' id='word_1_161' title='bbox 925 2237 1047 2319; x_wconf 83' lang='lat' dir='ltr'><strong>aliquid</strong></span> <span class='ocrx_word' id='word_1_162' title='bbox 1057 2243 1241 2305; x_wconf 75' lang='lat' dir='ltr'><strong>remaneto</strong></span> <span class='ocrx_word' id='word_1_163' title='bbox 1259 2235 1355 2296; x_wconf 80' lang='lat' dir='ltr'><strong>dotat.</strong></span> <span class='ocrx_word' id='word_1_164' title='bbox 1368 2244 1393 2293; x_wconf 82' lang='lat' dir='ltr'><strong>er</strong></span> <span class='ocrx_word' id='word_1_165' title='bbox 1408 2243 1487 2296; x_wconf 82' lang='lat' dir='ltr'><strong>emt·</strong></span> 
     </span>
    </p>
   </div>
   <div class='ocr_carea' id='block_1_14' title="bbox 1 2312 1466 2508">
    <p class='ocr_par' dir='ltr' id='par_1_14' title="bbox 1 2312 1466 2508">
     <span class='ocr_line' id='line_1_21' title="bbox 1 2312 1466 2408; baseline -0.006 -11"><span class='ocrx_word' id='word_1_166' title='bbox 1 2318 3 2328; x_wconf 71' lang='grc'>’</span> <span class='ocrx_word' id='word_1_167' title='bbox 121 2330 206 2394; x_wconf 84' lang='lat' dir='ltr'><strong>Hine</strong></span> <span class='ocrx_word' id='word_1_168' title='bbox 220 2328 376 2393; x_wconf 87' lang='lat' dir='ltr'><strong>discordia</strong></span> <span class='ocrx_word' id='word_1_169' title='bbox 395 2326 481 2391; x_wconf 90' lang='lat' dir='ltr'><strong>inter</strong></span> <span class='ocrx_word' id='word_1_170' title='bbox 496 2325 622 2402; x_wconf 89' lang='lat' dir='ltr'><strong>iratres,</strong></span> <span class='ocrx_word' id='word_1_171' title='bbox 638 2326 804 2395; x_wconf 88' lang='lat' dir='ltr'><strong>subversae</strong></span> <span class='ocrx_word' id='word_1_172' title='bbox 820 2325 972 2402; x_wconf 89' lang='lat' dir='ltr'><strong>iamiliae,</strong></span> <span class='ocrx_word' id='word_1_173' title='bbox 994 2327 1098 2408; x_wconf 79' lang='lat' dir='ltr'><strong>iurgia</strong></span> <span class='ocrx_word' id='word_1_174' title='bbox 1113 2331 1156 2392; x_wconf 89' lang='lat' dir='ltr'><strong>et</strong></span> <span class='ocrx_word' id='word_1_175' title='bbox 1166 2345 1238 2393; x_wconf 91' lang='lat' dir='ltr'><strong>oae-</strong></span> <span class='ocrx_word' id='word_1_176' title='bbox 1259 2316 1288 2372; x_wconf 62' lang='lat'><strong>‘⁸</strong></span> <span class='ocrx_word' id='word_1_177' title='bbox 1298 2312 1466 2372; x_wconf 53' lang='lat' dir='ltr'><strong>“mimi’&#39;-</strong></span> 
     </span>
     <span class='ocr_line' id='line_1_22' title="bbox 1 2415 1165 2508; baseline -0.003 -22"><span class='ocrx_word' id='word_1_178' title='bbox 1 2487 3 2508; x_wconf 26' lang='lat' dir='ltr'><strong>p</strong></span> <span class='ocrx_word' id='word_1_179' title='bbox 123 2419 191 2495; x_wconf 89' lang='lat' dir='ltr'><strong>des,</strong></span> <span class='ocrx_word' id='word_1_180' title='bbox 208 2421 242 2482; x_wconf 92' lang='lat' dir='ltr'><strong>et</strong></span> <span class='ocrx_word' id='word_1_181' title='bbox 256 2419 382 2500; x_wconf 80' lang='lat' dir='ltr'><strong>linguae</strong></span> <span class='ocrx_word' id='word_1_182' title='bbox 397 2416 486 2497; x_wconf 88' lang='lat' dir='ltr'><strong>quasi</strong></span> <span class='ocrx_word' id='word_1_183' title='bbox 497 2416 657 2486; x_wconf 66' lang='lat' dir='ltr'><strong>ordilonis</strong></span> <span class='ocrx_word' id='word_1_184' title='bbox 670 2415 839 2500; x_wconf 63' lang='lat' dir='ltr'><strong>flabellum,</strong></span> <span class='ocrx_word' id='word_1_185' title='bbox 858 2419 894 2480; x_wconf 92' lang='lat' dir='ltr'><strong>ut</strong></span> <span class='ocrx_word' id='word_1_186' title='bbox 909 2421 1019 2482; x_wconf 89' lang='lat' dir='ltr'><strong>monet</strong></span> <span class='ocrx_word' id='word_1_187' title='bbox 1033 2415 1165 2482; x_wconf 80' lang='lat' dir='ltr'><strong>tullius.</strong></span> 
     </span>
    </p>
   </div>
   <div class='ocr_carea' id='block_1_15' title="bbox 183 2503 1237 2590">
    <p class='ocr_par' dir='ltr' id='par_1_15' title="bbox 183 2503 1237 2590">
     <span class='ocr_line' id='line_1_23' title="bbox 183 2503 1237 2590; baseline -0.003 -18"><span class='ocrx_word' id='word_1_188' title='bbox 183 2507 325 2572; x_wconf 72' lang='lat' dir='ltr'><strong>&#39;xxxi</strong></span> <span class='ocrx_word' id='word_1_189' title='bbox 342 2507 391 2572; x_wconf 84' lang='lat' dir='ltr'><strong>Ex</strong></span> <span class='ocrx_word' id='word_1_190' title='bbox 402 2505 544 2580; x_wconf 84' lang='lat' dir='ltr'><strong>adverso,</strong></span> <span class='ocrx_word' id='word_1_191' title='bbox 557 2506 612 2586; x_wconf 88' lang='lat' dir='ltr'><strong>qui</strong></span> <span class='ocrx_word' id='word_1_192' title='bbox 623 2505 761 2590; x_wconf 86' lang='lat' dir='ltr'><strong>turpiter</strong></span> <span class='ocrx_word' id='word_1_193' title='bbox 772 2503 916 2582; x_wconf 84' lang='lat' dir='ltr'><strong>vivendo,</strong></span> <span class='ocrx_word' id='word_1_194' title='bbox 931 2503 1049 2570; x_wconf 86' lang='lat' dir='ltr'><strong>lamam</strong></span> <span class='ocrx_word' id='word_1_195' title='bbox 1061 2504 1237 2587; x_wconf 88' lang='lat' dir='ltr'><strong>ipsiproii-</strong></span> 
     </span>
    </p>
   </div>
   <div class='ocr_carea' id='block_1_16' title="bbox 1 2589 1239 2678">
    <p class='ocr_par' dir='ltr' id='par_1_16' title="bbox 1 2589 1239 2678">
     <span class='ocr_line' id='line_1_24' title="bbox 1 2589 1239 2678; baseline -0.002 -16"><span class='ocrx_word' id='word_1_196' title='bbox 1 2589 3 2600; x_wconf 78' lang='grc'>’</span> <span class='ocrx_word' id='word_1_197' title='bbox 121 2597 224 2672; x_wconf 91' lang='lat' dir='ltr'><strong>ciunt,</strong></span> <span class='ocrx_word' id='word_1_198' title='bbox 243 2596 363 2661; x_wconf 92' lang='lat' dir='ltr'><strong>nullum</strong></span> <span class='ocrx_word' id='word_1_199' title='bbox 379 2594 442 2676; x_wconf 90' lang='lat' dir='ltr'><strong>ipsi</strong></span> <span class='ocrx_word' id='word_1_200' title='bbox 457 2595 506 2660; x_wconf 89' lang='lat' dir='ltr'><strong>ius</strong></span> <span class='ocrx_word' id='word_1_201' title='bbox 519 2594 663 2660; x_wconf 88' lang='lat' dir='ltr'><strong>retinent</strong></span> <span class='ocrx_word' id='word_1_202' title='bbox 677 2599 713 2659; x_wconf 94' lang='lat' dir='ltr'><strong>ut</strong></span> <span class='ocrx_word' id='word_1_203' title='bbox 728 2595 805 2659; x_wconf 92' lang='lat' dir='ltr'><strong>boni</strong></span> <span class='ocrx_word' id='word_1_204' title='bbox 820 2592 1008 2669; x_wconf 89' lang='lat' dir='ltr'><strong>habeantur,</strong></span> <span class='ocrx_word' id='word_1_205' title='bbox 1026 2612 1128 2678; x_wconf 90' lang='lat' dir='ltr'><strong>neque</strong></span> <span class='ocrx_word' id='word_1_206' title='bbox 1142 2611 1239 2677; x_wconf 85' lang='lat' dir='ltr'><strong>expc-</strong></span> 
     </span>
    </p>
   </div>
   <div class='ocr_carea' id='block_1_17' title="bbox 121 2682 1489 3560">
    <p class='ocr_par' dir='ltr' id='par_1_17' title="bbox 121 2682 1489 3560">
     <span class='ocr_line' id='line_1_25' title="bbox 121 2682 1236 2768; baseline -0.001 -18"><span class='ocrx_word' id='word_1_207' title='bbox 121 2686 183 2752; x_wconf 88' lang='lat' dir='ltr'><strong>dit:</strong></span> <span class='ocrx_word' id='word_1_208' title='bbox 200 2683 344 2750; x_wconf 89' lang='lat' dir='ltr'><strong>criminis</strong></span> <span class='ocrx_word' id='word_1_209' title='bbox 360 2684 447 2748; x_wconf 92' lang='lat' dir='ltr'><strong>enim</strong></span> <span class='ocrx_word' id='word_1_210' title='bbox 463 2683 593 2766; x_wconf 89' lang='lat' dir='ltr'><strong>publici,</strong></span> <span class='ocrx_word' id='word_1_211' title='bbox 609 2683 736 2768; x_wconf 89' lang='lat' dir='ltr'><strong>puhlioa</strong></span> <span class='ocrx_word' id='word_1_212' title='bbox 750 2682 895 2756; x_wconf 84' lang='lat' dir='ltr'><strong>infamia,</strong></span> <span class='ocrx_word' id='word_1_213' title='bbox 918 2683 1033 2754; x_wconf 86' lang='lat' dir='ltr'><strong>merita</strong></span> <span class='ocrx_word' id='word_1_214' title='bbox 1053 2701 1156 2765; x_wconf 91' lang='lat' dir='ltr'><strong>poena</strong></span> <span class='ocrx_word' id='word_1_215' title='bbox 1176 2689 1236 2749; x_wconf 90' lang='lat' dir='ltr'><strong>est.</strong></span> 
     </span>
     <span class='ocr_line' id='line_1_26' title="bbox 121 2771 1239 2856; baseline -0.003 -17"><span class='ocrx_word' id='word_1_216' title='bbox 121 2774 229 2855; x_wconf 87' lang='lat' dir='ltr'><strong>Quum</strong></span> <span class='ocrx_word' id='word_1_217' title='bbox 248 2778 353 2839; x_wconf 91' lang='lat' dir='ltr'><strong>autem</strong></span> <span class='ocrx_word' id='word_1_218' title='bbox 369 2773 493 2855; x_wconf 89' lang='lat' dir='ltr'><strong>publica</strong></span> <span class='ocrx_word' id='word_1_219' title='bbox 505 2771 601 2849; x_wconf 89' lang='lat' dir='ltr'><strong>iacta,</strong></span> <span class='ocrx_word' id='word_1_220' title='bbox 618 2772 737 2856; x_wconf 85' lang='lat' dir='ltr'><strong>publici</strong></span> <span class='ocrx_word' id='word_1_221' title='bbox 753 2772 832 2837; x_wconf 89' lang='lat' dir='ltr'><strong>iuris</strong></span> <span class='ocrx_word' id='word_1_222' title='bbox 846 2771 923 2847; x_wconf 91' lang='lat' dir='ltr'><strong>sint,</strong></span> <span class='ocrx_word' id='word_1_223' title='bbox 940 2773 1001 2837; x_wconf 88' lang='lat' dir='ltr'><strong>etsi</strong></span> <span class='ocrx_word' id='word_1_224' title='bbox 1017 2773 1125 2838; x_wconf 90' lang='lat' dir='ltr'><strong>iubeat</strong></span> <span class='ocrx_word' id='word_1_225' title='bbox 1140 2789 1239 2854; x_wconf 83' lang='lat' dir='ltr'><strong>quan·</strong></span> 
     </span>
     <span class='ocr_line' id='line_1_27' title="bbox 121 2860 1237 2948; baseline -0.001 -21"><span class='ocrx_word' id='word_1_226' title='bbox 121 2865 227 2948; x_wconf 88' lang='lat' dir='ltr'><strong>doque</strong></span> <span class='ocrx_word' id='word_1_227' title='bbox 239 2861 408 2947; x_wconf 88' lang='lat' dir='ltr'><strong>prudentia</strong></span> <span class='ocrx_word' id='word_1_228' title='bbox 427 2862 477 2927; x_wconf 82' lang='lat' dir='ltr'><strong>rel</strong></span> <span class='ocrx_word' id='word_1_229' title='bbox 494 2860 634 2927; x_wconf 83' lang='lat' dir='ltr'><strong>charitas</strong></span> <span class='ocrx_word' id='word_1_230' title='bbox 649 2866 685 2926; x_wconf 92' lang='lat' dir='ltr'><strong>ot</strong></span> <span class='ocrx_word' id='word_1_231' title='bbox 702 2862 869 2936; x_wconf 85' lang='lat' dir='ltr'><strong>sileantur,</strong></span> <span class='ocrx_word' id='word_1_232' title='bbox 886 2878 927 2926; x_wconf 90' lang='lat' dir='ltr'><strong>ne</strong></span> <span class='ocrx_word' id='word_1_233' title='bbox 946 2861 1044 2942; x_wconf 86' lang='lat' dir='ltr'><strong>pudor</strong></span> <span class='ocrx_word' id='word_1_234' title='bbox 1059 2865 1237 2938; x_wconf 88' lang='lat' dir='ltr'><strong>evanescat,</strong></span> 
     </span>
     <span class='ocr_line' id='line_1_28' title="bbox 121 2946 1240 3035; baseline -0.001 -20"><span class='ocrx_word' id='word_1_235' title='bbox 121 2969 225 3035; x_wconf 87' lang='lat' dir='ltr'><strong>neque</strong></span> <span class='ocrx_word' id='word_1_236' title='bbox 235 2952 365 3018; x_wconf 86' lang='lat' dir='ltr'><strong>crimini</strong></span> <span class='ocrx_word' id='word_1_237' title='bbox 379 2952 604 3027; x_wconf 89' lang='lat' dir='ltr'><strong>insuesoamus;</strong></span> <span class='ocrx_word' id='word_1_238' title='bbox 626 2950 760 3017; x_wconf 88' lang='lat' dir='ltr'><strong>instead</strong></span> <span class='ocrx_word' id='word_1_239' title='bbox 774 2951 912 3014; x_wconf 89' lang='lat' dir='ltr'><strong>tribunal</strong></span> <span class='ocrx_word' id='word_1_240' title='bbox 928 2946 1081 3016; x_wconf 89' lang='lat' dir='ltr'><strong>historiae</strong></span> <span class='ocrx_word' id='word_1_241' title='bbox 1096 2949 1240 3016; x_wconf 87' lang='lat' dir='ltr'><strong>deleren-</strong></span> 
     </span>
     <span class='ocr_line' id='line_1_29' title="bbox 124 3038 1241 3125; baseline -0.002 -19"><span class='ocrx_word' id='word_1_242' title='bbox 124 3047 189 3115; x_wconf 87' lang='lat' dir='ltr'><strong>tur,</strong></span> <span class='ocrx_word' id='word_1_243' title='bbox 204 3042 288 3124; x_wconf 86' lang='lat' dir='ltr'><strong>quod</strong></span> <span class='ocrx_word' id='word_1_244' title='bbox 301 3058 397 3105; x_wconf 93' lang='lat' dir='ltr'><strong>unum</strong></span> <span class='ocrx_word' id='word_1_245' title='bbox 410 3043 509 3105; x_wconf 90' lang='lat' dir='ltr'><strong>restat</strong></span> <span class='ocrx_word' id='word_1_246' title='bbox 519 3040 688 3125; x_wconf 81' lang='lat' dir='ltr'><strong>aliquando</strong></span> <span class='ocrx_word' id='word_1_247' title='bbox 701 3038 961 3106; x_wconf 77' lang='lat' dir='ltr'><strong>fortunatissimis</strong></span> <span class='ocrx_word' id='word_1_248' title='bbox 968 3042 1121 3106; x_wconf 91' lang='lat' dir='ltr'><strong>scelerum</strong></span> <span class='ocrx_word' id='word_1_249' title='bbox 1133 3042 1241 3104; x_wconf 88' lang='lat' dir='ltr'><strong>aucto-</strong></span> 
     </span>
     <span class='ocr_line' id='line_1_30' title="bbox 124 3127 1240 3214; baseline -0.001 -21"><span class='ocrx_word' id='word_1_250' title='bbox 124 3130 212 3194; x_wconf 91' lang='lat' dir='ltr'><strong>ribus</strong></span> <span class='ocrx_word' id='word_1_251' title='bbox 228 3135 283 3196; x_wconf 88' lang='lat' dir='ltr'><strong>aut</strong></span> <span class='ocrx_word' id='word_1_252' title='bbox 297 3129 424 3195; x_wconf 80' lang='lat' dir='ltr'><strong>frenum</strong></span> <span class='ocrx_word' id='word_1_253' title='bbox 439 3132 494 3193; x_wconf 91' lang='lat' dir='ltr'><strong>aut</strong></span> <span class='ocrx_word' id='word_1_254' title='bbox 514 3129 719 3214; x_wconf 77' lang='lat' dir='ltr'><strong>supplicium</strong></span> <span class='ocrx_word' id='word_1_255' title='bbox 741 3130 811 3195; x_wconf 92' lang='lat' dir='ltr'><strong>lmo</strong></span> <span class='ocrx_word' id='word_1_256' title='bbox 828 3145 891 3192; x_wconf 93' lang='lat' dir='ltr'><strong>non</strong></span> <span class='ocrx_word' id='word_1_257' title='bbox 908 3127 1011 3192; x_wconf 89' lang='lat' dir='ltr'><strong>solum</strong></span> <span class='ocrx_word' id='word_1_258' title='bbox 1027 3127 1166 3210; x_wconf 77' lang='lat' dir='ltr'><strong>publica,</strong></span> <span class='ocrx_word' id='word_1_259' title='bbox 1184 3129 1240 3192; x_wconf 86' lang='lat' dir='ltr'><strong>sed</strong></span> 
     </span>
     <span class='ocr_line' id='line_1_31' title="bbox 125 3216 1238 3302; baseline -0.002 -19"><span class='ocrx_word' id='word_1_260' title='bbox 125 3219 249 3284; x_wconf 86' lang='lat' dir='ltr'><strong>occulta</strong></span> <span class='ocrx_word' id='word_1_261' title='bbox 264 3237 343 3302; x_wconf 85' lang='lat' dir='ltr'><strong>quae</strong></span> <span class='ocrx_word' id='word_1_262' title='bbox 358 3217 494 3300; x_wconf 89' lang='lat' dir='ltr'><strong>puhlicis</strong></span> <span class='ocrx_word' id='word_1_263' title='bbox 512 3219 734 3284; x_wconf 85' lang='lat' dir='ltr'><strong>adnectantur.</strong></span> <span class='ocrx_word' id='word_1_264' title='bbox 751 3218 820 3282; x_wconf 86' lang='lat' dir='ltr'><strong>Hoc</strong></span> <span class='ocrx_word' id='word_1_265' title='bbox 835 3216 922 3282; x_wconf 87' lang='lat' dir='ltr'><strong>enim</strong></span> <span class='ocrx_word' id='word_1_266' title='bbox 943 3217 1097 3282; x_wconf 88' lang='lat' dir='ltr'><strong>historiae</strong></span> <span class='ocrx_word' id='word_1_267' title='bbox 1112 3235 1238 3282; x_wconf 85' lang='lat' dir='ltr'><strong>munus:</strong></span> 
     </span>
     <span class='ocr_line' id='line_1_32' title="bbox 127 3304 1242 3391; baseline 0.002 -23"><span class='ocrx_word' id='word_1_268' title='bbox 127 3329 144 3367; x_wconf 84' lang='grc' dir='ltr'><strong>ιι</strong></span> <span class='ocrx_word' id='word_1_269' title='bbox 163 3326 204 3371; x_wconf 91' lang='lat' dir='ltr'><strong>ne</strong></span> <span class='ocrx_word' id='word_1_270' title='bbox 219 3307 352 3380; x_wconf 89' lang='lat' dir='ltr'><strong>virtutes</strong></span> <span class='ocrx_word' id='word_1_271' title='bbox 366 3309 533 3383; x_wconf 88' lang='lat' dir='ltr'><strong>sileantur,</strong></span> <span class='ocrx_word' id='word_1_272' title='bbox 549 3313 648 3389; x_wconf 74' lang='lat' dir='ltr'><strong>utque</strong></span> <span class='ocrx_word' id='word_1_273' title='bbox 663 3305 767 3391; x_wconf 89' lang='lat' dir='ltr'><strong>pravis</strong></span> <span class='ocrx_word' id='word_1_274' title='bbox 778 3306 872 3372; x_wconf 89' lang='lat' dir='ltr'><strong>dictis</strong></span> <span class='ocrx_word' id='word_1_275' title='bbox 884 3304 1038 3390; x_wconf 84' lang='lat' dir='ltr'><strong>lactisque</strong></span> <span class='ocrx_word' id='word_1_276' title='bbox 1054 3324 1093 3371; x_wconf 83' lang='lat' dir='ltr'><strong>ex</strong></span> <span class='ocrx_word' id='word_1_277' title='bbox 1104 3308 1242 3388; x_wconf 86' lang='lat' dir='ltr'><strong>posteri·</strong></span> 
     </span>
     <span class='ocr_line' id='line_1_33' title="bbox 126 3392 1489 3482; baseline -0.002 -20"><span class='ocrx_word' id='word_1_278' title='bbox 126 3403 194 3462; x_wconf 87' lang='lat' dir='ltr'><strong>tate</strong></span> <span class='ocrx_word' id='word_1_279' title='bbox 209 3401 242 3460; x_wconf 92' lang='lat' dir='ltr'><strong>et</strong></span> <span class='ocrx_word' id='word_1_280' title='bbox 258 3398 389 3461; x_wconf 79' lang='lat' dir='ltr'><strong>infamia</strong></span> <span class='ocrx_word' id='word_1_281' title='bbox 406 3400 507 3462; x_wconf 88' lang='lat' dir='ltr'><strong>metus</strong></span> <span class='ocrx_word' id='word_1_282' title='bbox 522 3396 565 3463; x_wconf 89' lang='lat' dir='ltr'><strong>sit</strong></span> <span class='ocrx_word' id='word_1_283' title='bbox 582 3396 625 3482; x_wconf 83' lang='lat'><strong>3).</strong></span> <span class='ocrx_word' id='word_1_284' title='bbox 646 3421 664 3461; x_wconf 85' lang='lat' dir='ltr'><strong>e</strong></span> <span class='ocrx_word' id='word_1_285' title='bbox 681 3392 743 3465; x_wconf 88' lang='lat' dir='ltr'><strong>Sed</strong></span> <span class='ocrx_word' id='word_1_286' title='bbox 754 3395 909 3462; x_wconf 85' lang='lat' dir='ltr'><strong>historiae</strong></span> <span class='ocrx_word' id='word_1_287' title='bbox 924 3411 1049 3478; x_wconf 87' lang='lat' dir='ltr'><strong>quoque</strong></span> <span class='ocrx_word' id='word_1_288' title='bbox 1064 3396 1165 3478; x_wconf 87' lang='lat' dir='ltr'><strong>pudor</strong></span> <span class='ocrx_word' id='word_1_289' title='bbox 1176 3414 1242 3462; x_wconf 86' lang='lat' dir='ltr'><strong>ser·</strong></span> <span class='ocrx_word' id='word_1_290' title='bbox 1277 3397 1304 3472; x_wconf 75' lang='lat' dir='ltr'><strong>tt</strong></span> <span class='ocrx_word' id='word_1_291' title='bbox 1320 3400 1416 3475; x_wconf 78' lang='lat' dir='ltr'><strong>Tacit,</strong></span> <span class='ocrx_word' id='word_1_292' title='bbox 1429 3413 1489 3459; x_wconf 76' lang='lat' dir='ltr'><strong>rn-</strong></span> 
     </span>
     <span class='ocr_line' id='line_1_34' title="bbox 126 3473 1471 3560; baseline 0.001 -12"><span class='ocrx_word' id='word_1_293' title='bbox 126 3486 257 3560; x_wconf 84' lang='lat' dir='ltr'><strong>ramius,</strong></span> <span class='ocrx_word' id='word_1_294' title='bbox 274 3487 396 3553; x_wconf 87' lang='lat' dir='ltr'><strong>utilitas</strong></span> <span class='ocrx_word' id='word_1_295' title='bbox 409 3487 569 3553; x_wconf 88' lang='lat' dir='ltr'><strong>sectanda.</strong></span> <span class='ocrx_word' id='word_1_296' title='bbox 624 3523 644 3534; x_wconf 33' lang='grc' dir='ltr'>η</span> <span class='ocrx_word' id='word_1_297' title='bbox 1262 3473 1340 3550; x_wconf 76' lang='lat' dir='ltr'><strong>sat,</strong></span> <span class='ocrx_word' id='word_1_298' title='bbox 1357 3479 1405 3550; x_wconf 74' lang='grc' dir='ltr'>ΙΙΙ,</span> <span class='ocrx_word' id='word_1_299' title='bbox 1426 3481 1471 3534; x_wconf 73' lang='lat'><strong>⁶⁵·</strong></span> 
     </span>
    </p>
   </div>
   <div class='ocr_carea' id='block_1_18' title="bbox 127 3647 1246 4691">
    <p class='ocr_par' dir='ltr' id='par_1_18' title="bbox 127 3647 1246 4327">
     <span class='ocr_line' id='line_1_35' title="bbox 206 3647 1241 3722; baseline 0 -18"><span class='ocrx_word' id='word_1_300' title='bbox 206 3647 245 3720; x_wconf 79' lang='lat' dir='ltr'><strong>(ol</strong></span> <span class='ocrx_word' id='word_1_301' title='bbox 265 3650 321 3708; x_wconf 85' lang='lat' dir='ltr'><strong>Lex</strong></span> <span class='ocrx_word' id='word_1_302' title='bbox 335 3649 383 3706; x_wconf 84' lang='lat' dir='ltr'><strong>illl</strong></span> <span class='ocrx_word' id='word_1_303' title='bbox 401 3648 565 3707; x_wconf 81' lang='lat' dir='ltr'><strong>Tabularum</strong></span> <span class='ocrx_word' id='word_1_304' title='bbox 583 3649 652 3706; x_wconf 87' lang='lat' dir='ltr'><strong>haee</strong></span> <span class='ocrx_word' id='word_1_305' title='bbox 669 3654 739 3706; x_wconf 80' lang='lat' dir='ltr'><strong>erat:</strong></span> <span class='ocrx_word' id='word_1_306' title='bbox 759 3669 770 3700; x_wconf 83' lang='grc' dir='ltr'>ι</span> <span class='ocrx_word' id='word_1_307' title='bbox 787 3650 814 3706; x_wconf 87' lang='lat' dir='ltr'><strong>si</strong></span> <span class='ocrx_word' id='word_1_308' title='bbox 828 3648 889 3722; x_wconf 84' lang='lat' dir='ltr'><strong>quis</strong></span> <span class='ocrx_word' id='word_1_309' title='bbox 902 3649 1076 3722; x_wconf 85' lang='lat' dir='ltr'><strong>occentassit,</strong></span> <span class='ocrx_word' id='word_1_310' title='bbox 1097 3663 1241 3706; x_wconf 76' lang='lat' dir='ltr'><strong>enemente</strong></span> 
     </span>
     <span class='ocr_line' id='line_1_36' title="bbox 127 3723 1242 3798; baseline -0.001 -17"><span class='ocrx_word' id='word_1_311' title='bbox 127 3723 270 3796; x_wconf 86' lang='lat' dir='ltr'><strong>condissit,</strong></span> <span class='ocrx_word' id='word_1_312' title='bbox 284 3724 356 3797; x_wconf 87' lang='lat' dir='ltr'><strong>quod</strong></span> <span class='ocrx_word' id='word_1_313' title='bbox 368 3725 501 3782; x_wconf 81' lang='lat' dir='ltr'><strong>infamiam</strong></span> <span class='ocrx_word' id='word_1_314' title='bbox 516 3726 581 3783; x_wconf 85' lang='lat' dir='ltr'><strong>laxit</strong></span> <span class='ocrx_word' id='word_1_315' title='bbox 594 3723 758 3798; x_wconf 81' lang='lat' dir='ltr'><strong>flagitiumve</strong></span> <span class='ocrx_word' id='word_1_316' title='bbox 773 3724 863 3794; x_wconf 76' lang='lat' dir='ltr'><strong>alteri3</strong></span> <span class='ocrx_word' id='word_1_317' title='bbox 877 3724 948 3780; x_wconf 88' lang='lat' dir='ltr'><strong>lusto</strong></span> <span class='ocrx_word' id='word_1_318' title='bbox 962 3723 1049 3779; x_wconf 83' lang='lat' dir='ltr'><strong>terito.</strong></span> <span class='ocrx_word' id='word_1_319' title='bbox 1068 3746 1079 3775; x_wconf 84' lang='lat' dir='ltr'><strong>u</strong></span> <span class='ocrx_word' id='word_1_320' title='bbox 1096 3726 1182 3782; x_wconf 87' lang='lat' dir='ltr'><strong>Nimia</strong></span> <span class='ocrx_word' id='word_1_321' title='bbox 1197 3723 1242 3780; x_wconf 86' lang='lat' dir='ltr'><strong>illa</strong></span> 
     </span>
     <span class='ocr_line' id='line_1_37' title="bbox 130 3797 1241 3874; baseline 0 -18"><span class='ocrx_word' id='word_1_322' title='bbox 130 3797 267 3871; x_wconf 75' lang='lat' dir='ltr'><strong>fastigatio</strong></span> <span class='ocrx_word' id='word_1_323' title='bbox 284 3799 317 3858; x_wconf 89' lang='lat' dir='ltr'><strong>ad</strong></span> <span class='ocrx_word' id='word_1_324' title='bbox 340 3809 465 3874; x_wconf 80' lang='lat' dir='ltr'><strong>mortam3</strong></span> <span class='ocrx_word' id='word_1_325' title='bbox 481 3802 561 3858; x_wconf 90' lang='lat' dir='ltr'><strong>nimia</strong></span> <span class='ocrx_word' id='word_1_326' title='bbox 580 3815 687 3874; x_wconf 81' lang='lat' dir='ltr'><strong>quoquc</strong></span> <span class='ocrx_word' id='word_1_327' title='bbox 700 3799 878 3859; x_wconf 82' lang='lat' dir='ltr'><strong>Valentiniani</strong></span> <span class='ocrx_word' id='word_1_328' title='bbox 892 3805 920 3855; x_wconf 89' lang='lat' dir='ltr'><strong>et</strong></span> <span class='ocrx_word' id='word_1_329' title='bbox 933 3799 1052 3856; x_wconf 86' lang='lat' dir='ltr'><strong>Valentis</strong></span> <span class='ocrx_word' id='word_1_330' title='bbox 1065 3800 1120 3872; x_wconf 80' lang='lat' dir='ltr'><strong>lex,</strong></span> <span class='ocrx_word' id='word_1_331' title='bbox 1136 3816 1190 3872; x_wconf 82' lang='lat' dir='ltr'><strong>qua</strong></span> <span class='ocrx_word' id='word_1_332' title='bbox 1204 3801 1241 3856; x_wconf 87' lang='lat' dir='ltr'><strong>si·</strong></span> 
     </span>
     <span class='ocr_line' id='line_1_38' title="bbox 128 3871 1243 3949; baseline 0 -19"><span class='ocrx_word' id='word_1_333' title='bbox 128 3873 185 3930; x_wconf 88' lang='lat' dir='ltr'><strong>mili</strong></span> <span class='ocrx_word' id='word_1_334' title='bbox 200 3875 383 3933; x_wconf 86' lang='lat' dir='ltr'><strong>mulctabatur</strong></span> <span class='ocrx_word' id='word_1_335' title='bbox 402 3892 487 3948; x_wconf 87' lang='lat' dir='ltr'><strong>poena</strong></span> <span class='ocrx_word' id='word_1_336' title='bbox 501 3871 682 3949; x_wconf 84' lang='lat' dir='ltr'><strong>qui&#39;lihellum</strong></span> <span class='ocrx_word' id='word_1_337' title='bbox 696 3876 839 3940; x_wconf 87' lang='lat' dir='ltr'><strong>invenerit,</strong></span> <span class='ocrx_word' id='word_1_338' title='bbox 853 3890 940 3948; x_wconf 87' lang='lat' dir='ltr'><strong>nequa</strong></span> <span class='ocrx_word' id='word_1_339' title='bbox 954 3875 1069 3931; x_wconf 67' lang='lat' dir='ltr'><strong>statim«</strong></span> <span class='ocrx_word' id='word_1_340' title='bbox 1087 3873 1243 3946; x_wconf 84' lang='lat' dir='ltr'><strong>corruperit</strong></span> 
     </span>
     <span class='ocr_line' id='line_1_39' title="bbox 127 3948 1243 4025; baseline 0.003 -21"><span class='ocrx_word' id='word_1_341' title='bbox 127 3948 240 4022; x_wconf 80' lang='lat' dir='ltr'><strong>religni</strong></span> <span class='ocrx_word' id='word_1_342' title='bbox 256 3954 436 4009; x_wconf 87' lang='lat' dir='ltr'><strong>consumserit</strong></span> <span class='ocrx_word' id='word_1_343' title='bbox 452 3973 463 4004; x_wconf 87' lang='grc' dir='ltr'>ι</span> <span class='ocrx_word' id='word_1_344' title='bbox 482 3953 523 4023; x_wconf 77' lang='lat' dir='ltr'><strong>(t.</strong></span> <span class='ocrx_word' id='word_1_345' title='bbox 539 3953 627 4025; x_wconf 80' lang='lat' dir='ltr'><strong>unic,</strong></span> <span class='ocrx_word' id='word_1_346' title='bbox 641 3952 687 4022; x_wconf 68' lang='lat' dir='ltr'><strong>(L,</strong></span> <span class='ocrx_word' id='word_1_347' title='bbox 702 3951 749 4008; x_wconf 90' lang='lat' dir='ltr'><strong>lib.</strong></span> <span class='ocrx_word' id='word_1_348' title='bbox 759 3954 817 4023; x_wconf 83' lang='lat' dir='ltr'><strong>s,t.</strong></span> <span class='ocrx_word' id='word_1_349' title='bbox 835 3950 892 4022; x_wconf 74' lang='lat'><strong>36).</strong></span> <span class='ocrx_word' id='word_1_350' title='bbox 908 3952 975 4006; x_wconf 85' lang='lat' dir='ltr'><strong>Nam</strong></span> <span class='ocrx_word' id='word_1_351' title='bbox 990 3950 1048 4021; x_wconf 85' lang='lat' dir='ltr'><strong>ipsa</strong></span> <span class='ocrx_word' id='word_1_352' title='bbox 1062 3965 1164 4022; x_wconf 86' lang='lat' dir='ltr'><strong>poenae</strong></span> <span class='ocrx_word' id='word_1_353' title='bbox 1178 3965 1243 4023; x_wconf 77' lang='lat' dir='ltr'><strong>gra·</strong></span> 
     </span>
     <span class='ocr_line' id='line_1_40' title="bbox 127 4024 1241 4098; baseline 0.002 -18"><span class='ocrx_word' id='word_1_354' title='bbox 127 4027 196 4081; x_wconf 85' lang='lat' dir='ltr'><strong>ultas</strong></span> <span class='ocrx_word' id='word_1_355' title='bbox 214 4026 401 4098; x_wconf 88' lang='lat' dir='ltr'><strong>impunitatem</strong></span> <span class='ocrx_word' id='word_1_356' title='bbox 413 4025 889 4097; x_wconf 84' lang='lat' dir='ltr'><strong>alicrreconsueverat.Quodinnliis</strong></span> <span class='ocrx_word' id='word_1_357' title='bbox 898 4024 1180 4098; x_wconf 81' lang='lat' dir='ltr'><strong>contingere‚dudum</strong></span> <span class='ocrx_word' id='word_1_358' title='bbox 1189 4028 1241 4083; x_wconf 88' lang='lat' dir='ltr'><strong>iam</strong></span> 
     </span>
     <span class='ocr_line' id='line_1_41' title="bbox 127 4100 1243 4174; baseline 0.002 -18"><span class='ocrx_word' id='word_1_359' title='bbox 127 4101 303 4172; x_wconf 89' lang='lat' dir='ltr'><strong>politicarum</strong></span> <span class='ocrx_word' id='word_1_360' title='bbox 317 4118 409 4158; x_wconf 91' lang='lat' dir='ltr'><strong>rerum</strong></span> <span class='ocrx_word' id='word_1_361' title='bbox 423 4101 602 4174; x_wconf 88' lang='lat' dir='ltr'><strong>scriptoribus</strong></span> <span class='ocrx_word' id='word_1_362' title='bbox 613 4101 844 4160; x_wconf 81' lang='lat' dir='ltr'><strong>animadversum.</strong></span> <span class='ocrx_word' id='word_1_363' title='bbox 853 4104 922 4173; x_wconf 85' lang='lat' dir='ltr'><strong>Dum</strong></span> <span class='ocrx_word' id='word_1_364' title='bbox 932 4102 1004 4157; x_wconf 89' lang='lat' dir='ltr'><strong>enim</strong></span> <span class='ocrx_word' id='word_1_365' title='bbox 1018 4100 1194 4158; x_wconf 86' lang='lat' dir='ltr'><strong>durissimum</strong></span> <span class='ocrx_word' id='word_1_366' title='bbox 1204 4103 1243 4158; x_wconf 84' lang='lat' dir='ltr'><strong>vi·</strong></span> 
     </span>
     <span class='ocr_line' id='line_1_42' title="bbox 127 4175 1246 4251; baseline 0 -18"><span class='ocrx_word' id='word_1_367' title='bbox 127 4176 212 4233; x_wconf 86' lang='lat' dir='ltr'><strong>detur</strong></span> <span class='ocrx_word' id='word_1_368' title='bbox 224 4177 502 4251; x_wconf 79' lang='lat' dir='ltr'><strong>gravissimaminiligi</strong></span> <span class='ocrx_word' id='word_1_369' title='bbox 513 4195 640 4251; x_wconf 89' lang='lat' dir='ltr'><strong>poenam,</strong></span> <span class='ocrx_word' id='word_1_370' title='bbox 655 4178 730 4236; x_wconf 89' lang='lat' dir='ltr'><strong>nulla</strong></span> <span class='ocrx_word' id='word_1_371' title='bbox 740 4179 880 4250; x_wconf 80' lang='lat' dir='ltr'><strong>infligitur:</strong></span> <span class='ocrx_word' id='word_1_372' title='bbox 893 4175 966 4234; x_wconf 88' lang='lat' dir='ltr'><strong>unde</strong></span> <span class='ocrx_word' id='word_1_373' title='bbox 977 4176 1199 4236; x_wconf 84' lang='lat' dir='ltr'><strong>scelestianimos</strong></span> <span class='ocrx_word' id='word_1_374' title='bbox 1210 4191 1246 4233; x_wconf 78' lang='lat' dir='ltr'><strong>es</strong></span> 
     </span>
     <span class='ocr_line' id='line_1_43' title="bbox 129 4253 919 4327; baseline 0 -19"><span class='ocrx_word' id='word_1_375' title='bbox 129 4253 243 4310; x_wconf 87' lang='lat' dir='ltr'><strong>erimine</strong></span> <span class='ocrx_word' id='word_1_376' title='bbox 258 4255 377 4310; x_wconf 83' lang='lat' dir='ltr'><strong>sumunt.</strong></span> <span class='ocrx_word' id='word_1_377' title='bbox 394 4256 477 4311; x_wconf 72' lang='lat' dir='ltr'><strong>busta</strong></span> <span class='ocrx_word' id='word_1_378' title='bbox 491 4255 581 4327; x_wconf 82' lang='lat' dir='ltr'><strong>itaque</strong></span> <span class='ocrx_word' id='word_1_379' title='bbox 595 4261 737 4312; x_wconf 86' lang='lat' dir='ltr'><strong>curentur:</strong></span> <span class='ocrx_word' id='word_1_380' title='bbox 753 4269 827 4311; x_wconf 87' lang='lat' dir='ltr'><strong>mors</strong></span> <span class='ocrx_word' id='word_1_381' title='bbox 840 4253 919 4310; x_wconf 88' lang='lat' dir='ltr'><strong>absit.</strong></span> 
     </span>
    </p>

    <p class='ocr_par' dir='ltr' id='par_1_19' title="bbox 127 4327 1246 4691">
     <span class='ocr_line' id='line_1_44' title="bbox 197 4327 1244 4405; baseline 0 -23"><span class='ocrx_word' id='word_1_382' title='bbox 197 4328 310 4396; x_wconf 84' lang='lat' dir='ltr'><strong>Textus,</strong></span> <span class='ocrx_word' id='word_1_383' title='bbox 317 4344 399 4400; x_wconf 88' lang='lat' dir='ltr'><strong>quem</strong></span> <span class='ocrx_word' id='word_1_384' title='bbox 409 4345 443 4387; x_wconf 84' lang='lat' dir='ltr'><strong>ex</strong></span> <span class='ocrx_word' id='word_1_385' title='bbox 451 4330 587 4387; x_wconf 86' lang='lat' dir='ltr'><strong>Ciceronis</strong></span> <span class='ocrx_word' id='word_1_386' title='bbox 595 4328 755 4405; x_wconf 76' lang='lat' dir='ltr'><strong>Republica</strong></span> <span class='ocrx_word' id='word_1_387' title='bbox 762 4329 913 4399; x_wconf 87' lang='lat' dir='ltr'><strong>attulimus,</strong></span> <span class='ocrx_word' id='word_1_388' title='bbox 921 4329 1063 4402; x_wconf 86' lang='lat' dir='ltr'><strong>legebatur</strong></span> <span class='ocrx_word' id='word_1_389' title='bbox 1073 4327 1144 4401; x_wconf 85' lang='lat' dir='ltr'><strong>apud</strong></span> <span class='ocrx_word' id='word_1_390' title='bbox 1155 4344 1178 4383; x_wconf 84' lang='grc' dir='ltr'><strong>ι.</strong></span> <span class='ocrx_word' id='word_1_391' title='bbox 1188 4329 1244 4384; x_wconf 78' lang='lat' dir='ltr'><strong>bu-</strong></span> 
     </span>
     <span class='ocr_line' id='line_1_45' title="bbox 127 4401 1242 4480; baseline 0 -23"><span class='ocrx_word' id='word_1_392' title='bbox 127 4401 323 4475; x_wconf 83' lang='lat' dir='ltr'><strong>gastinum‚de</strong></span> <span class='ocrx_word' id='word_1_393' title='bbox 333 4406 430 4477; x_wconf 74' lang='lat' dir='ltr'><strong>tivit,</strong></span> <span class='ocrx_word' id='word_1_394' title='bbox 444 4407 480 4478; x_wconf 88' lang='lat' dir='ltr'><strong>ll,</strong></span> <span class='ocrx_word' id='word_1_395' title='bbox 493 4408 522 4480; x_wconf 73' lang='lat'><strong>93</strong></span> <span class='ocrx_word' id='word_1_396' title='bbox 534 4421 607 4464; x_wconf 90' lang='lat' dir='ltr'><strong>nunc</strong></span> <span class='ocrx_word' id='word_1_397' title='bbox 617 4407 642 4464; x_wconf 91' lang='lat' dir='ltr'><strong>in</strong></span> <span class='ocrx_word' id='word_1_398' title='bbox 653 4407 782 4464; x_wconf 88' lang='lat' dir='ltr'><strong>Cicerone</strong></span> <span class='ocrx_word' id='word_1_399' title='bbox 794 4407 862 4478; x_wconf 84' lang='lat' dir='ltr'><strong>ipse,</strong></span> <span class='ocrx_word' id='word_1_400' title='bbox 871 4405 969 4462; x_wconf 85' lang='lat' dir='ltr'><strong>edente</strong></span> <span class='ocrx_word' id='word_1_401' title='bbox 979 4406 1040 4461; x_wconf 87' lang='lat' dir='ltr'><strong>Em.</strong></span> <span class='ocrx_word' id='word_1_402' title='bbox 1053 4403 1242 4478; x_wconf 81' lang='lat' dir='ltr'><strong>hogelohlaio,</strong></span> 
     </span>
     <span class='ocr_line' id='line_1_46' title="bbox 127 4479 1246 4558; baseline -0.001 -23"><span class='ocrx_word' id='word_1_403' title='bbox 127 4479 303 4550; x_wconf 86' lang='lat' dir='ltr'><strong>antiquorum</strong></span> <span class='ocrx_word' id='word_1_404' title='bbox 315 4479 508 4556; x_wconf 73' lang='lat' dir='ltr'><strong>investigatam</strong></span> <span class='ocrx_word' id='word_1_405' title='bbox 521 4483 655 4542; x_wconf 85' lang='lat' dir='ltr'><strong>acerrimo</strong></span> <span class='ocrx_word' id='word_1_406' title='bbox 665 4497 697 4541; x_wconf 89' lang='lat' dir='ltr'><strong>sc</strong></span> <span class='ocrx_word' id='word_1_407' title='bbox 706 4481 924 4558; x_wconf 75' lang='lat' dir='ltr'><strong>diligentissimo,</strong></span> <span class='ocrx_word' id='word_1_408' title='bbox 933 4497 1015 4554; x_wconf 85' lang='lat' dir='ltr'><strong>quem</strong></span> <span class='ocrx_word' id='word_1_409' title='bbox 1023 4480 1174 4536; x_wconf 86' lang='lat' dir='ltr'><strong>litterarum</strong></span> <span class='ocrx_word' id='word_1_410' title='bbox 1185 4492 1246 4534; x_wconf 85' lang='lat' dir='ltr'><strong>res·</strong></span> 
     </span>
     <span class='ocr_line' id='line_1_47' title="bbox 127 4553 1070 4691; baseline 0.008 -80"><span class='ocrx_word' id='word_1_411' title='bbox 127 4553 237 4625; x_wconf 82' lang='lat' dir='ltr'><strong>publica</strong></span> <span class='ocrx_word' id='word_1_412' title='bbox 252 4562 407 4613; x_wconf 84' lang='lat' dir='ltr'><strong>uenerator.</strong></span> <span class='ocrx_word' id='word_1_413' title='bbox 1050 4629 1070 4691; x_wconf 70' lang='lat'>9</span> 
     </span>
    </p>
   </div>
   <div class='ocr_carea' id='block_1_19' title="bbox 0 0 1625 5282">
    <p class='ocr_par' dir='ltr' id='par_1_20' title="bbox 0 0 1625 5282">
     <span class='ocr_line' id='line_1_48' title="bbox 0 0 1625 5282; baseline 0 0"><span class='ocrx_word' id='word_1_414' title='bbox 0 0 1625 5282; x_wconf 95' lang='lat' dir='ltr'><strong> </strong></span> 
     </span>
    </p>
   </div>
  </div>
 </body>
</html>
