3238 5282
393 280 459 348 232
824 276 984 334 rruunur.

346 467 384 515 su
401 464 473 512 vere
486 442 649 526 inquiebat
661 436 798 506 Tacitus:
813 452 830 492 a
844 427 1063 510 imperaturus
1075 435 1112 482 es
1125 413 1323 492 hominibus,
1334 418 1391 499 qui
1414 437 1474 490 nec

128 545 327 626 lliiist.,l‚lt.
349 543 451 604 totam
462 533 647 598 servitutem
658 527 725 611 pati
734 507 1252 622 possunt‚·nec·totamlibertatem
1266 503 1473 608 l).·»·Norma
1527 568 1531 576 ,

351 623 555 696 autemnam,
564 615 846 698 illioeimperinm,
856 603 1121 672 larnclrbertatem
1136 597 1301 671 deliniens,
1311 598 1475 680 srmulqne

352 713 480 798 imperii
492 717 525 776 et
535 706 767 776 libertatisiura
778 685 1220 788 etofficiaaequeeonsooians‚
1229 699 1287 747 nee
1295 688 1474 790 temperari

355 775 1476 885 neciingipossetablrominibusmisiabstractapolrtroaecuiusdamru-

354 893 463 960 stitiae
484 892 574 956 notio
588 889 751 960 habeatur,
769 895 849 963 quae
863 874 939 938 licet
953 863 1161 933 diversimode
1180 867 1306 965 aptetur
1326 870 1474 944 gentium

358 983 507 1066 ingeniis,
518 977 658 1045 moribus
669 991 705 1039 ac
718 963 966 1035 necessitatibus,
979 963 1086 1022 tamen
1097 951 1348 1017 substantialiter
1360 953 1474 1016 eadem

358 1073 461 1148 sit‚ad
473 1070 641 1135 homirnum
654 1068 799 1129 naturam
811 1059 905 1137 atqua
916 1049 955 1113 ad
966 1045 1130 1130 politicam
1145 1041 1283 1105 civitatis
1293 1041 1476 1106 ordinatio-

362 1180 436 1228 nem
448 1162 640 1244 comparata.
651 1155 711 1232 Est
725 1148 848 1231 igitura
858 1145 969 1224 natura
982 1134 1127 1220 princeps
1137 1130 1241 1234 aliqua
1254 1130 1305 1195 lex
1319 1131 1370 1196 vel
1384 1131 1476 1197 iusti-

362 1253 422 1320 tia:
440 1265 515 1318 naua
531 1269 549 1309 a
566 1250 689 1314 remota
705 1228 921 1316 iustitia‚quid
931 1230 1005 1292 sont
1018 1238 1126 1324 regna,
1137 1220 1199 1284 nisr
1214 1235 1327 1298 magna
1346 1221 1476 1324 latroci-

311 1357 347 1416 αι
365 1342 434 1410 nial
447 1343 479 1426 2)
497 1364 515 1404 a
532 1338 589 1405 llla
605 1352 680 1403 vero
695 1326 788 1395 liberi
801 1326 919 1393 sumus,
935 1317 1009 1382 dum
1020 1311 1139 1418 legrbus
1150 1325 1307 1411 pareamus²
1319 1310 1429 1376 'rotho
1441 1329 1475 1376 ρ.

366 1436 544 1501 docenter«
560 1428 681 1510 Legum
693 1418 810 1486 ideireo
826 1425 934 1477 omnes
948 1421 1030 1471 seru
1041 1403 1203 1478 sumusut
1216 1397 1309 1461 llberr
1320 1415 1389 1477 esso
1401 1418 1475 1482 pos.

367 1541 554 1681 ammisit
570 1607 675 1690 Quum
691 1563 841 1667 naturalis
853 1589 895 1656 sit
906 1586 961 1652 illa
975 1580 1110 1654 iustitia,
1122 1575 1218 1644 etiam
1232 1575 1305 1641 dum
1319 1575 1476 1644 decivilis

372 1713 406 1776 et
414 1705 561 1790 politica,
569 1713 633 1764 non
646 1688 770 1760 aliunde
780 1697 872 1784 quam
883 1677 927 1776 ab·
933 1677 1060 1774 auctore
1068 1674 1197 1734 naturae
1204 1665 1269 1730 eins
1277 1666 1413 1748 peteuda
1426 1671 1476 1735 est

376 1799 482 1883 origo.
498 1796 557 1864 Est
570 1790 675 1870 itaque
690 1773 836 1844 naturalis
850 1769 881 1827 et
896 1763 1002 1824 druna
1017 1755 1028 1841 (
1047 1754 1071 1839 ).

138 1377 206 1451 ηδ.
220 1371 303 1438 Aug„

123 1459 198 1526 Can,
212 1447 256 1518 lv,
272 1444 299 1497 t.

509 1960 649 2023 llomiuum
665 1940 871 2005 motabilitatem,
887 1937 970 2003 atque
991 1928 1053 1988 iude
1067 1931 1158 1990 lluens
1176 1931 1326 2002 imperium,
1346 1931 1474 1991 luculen-

457 1974 495 2048 ω
506 2041 543 2096 uit
555 2053 578 2090 s.
594 2031 708 2085 Thomas
720 2016 755 2072 de
767 2008 917 2081 manamine
929 2010 1111 2093 principum,
1122 2009 1144 2076 l,
1161 2012 1188 2065 2:
1208 2030 1219 2057 a
1235 2008 1409 2079 Etsiquidam
1424 2011 1474 2067 lro·

382 2067 425 2144 ¹⁰?
437 2060 608 2167 9¹⁹⁰venirel
621 2089 791 2164 singulariter
803 2083 903 2153 rivere,
913 2088 984 2138 srcut
994 2083 1088 2150 multis
1100 2082 1267 2152 animalium,
1282 2083 1353 2141 nullo
1366 2084 1420 2142 alio
1430 2087 1473 2143 di-

383 2144 445 2220 ¹¹3¹¹¹¹
455 2132 621 2251 ffindrgsret
640 2167 674 2222 ad
688 2165 777 2228 finem
799 2157 847 2214 sed
861 2158 911 2228 ipsi
926 2156 1180 2244 sibitunusquisque
1193 2166 1267 2216 esset
1286 2173 1333 2214 rex
1354 2160 1405 2216 sub
1418 2164 1472 2218 beo

383 2216 484 2328 “immo
497 2270 569 2328 ΜΘ,
584 2249 609 2303 in
623 2244 754 2314 qnantum
768 2249 817 2304 ner
833 2231 923 2289 lumen
938 2239 1052 2290 ratrours
1063 2235 1190 2291 divinitus
1201 2234 1293 2291 datum
1308 2234 1368 2309 sibi,
1378 2238 1404 2291 in
1416 2239 1475 2294 suia

383 2291 451 2403 'mh
471 2356 483 2394 ⁵
498 2331 613 2397 seipsum
627 2313 765 2383 dirigeret.
775 2309 904 2366 Naturale
919 2317 1009 2366 autem
1019 2316 1063 2366 est
1074 2310 1172 2366 homini
1184 2316 1215 2366 ut
1226 2311 1261 2367 sit
1273 2311 1368 2366 animal
1383 2313 1472 2368 socia-

382 2359 646 2483 ³⁰¹¹02upoliaioumsiu
662 2385 833 2442 multitudine
843 2385 944 2454 virens,
954 2386 1041 2456 magia
1054 2387 1136 2442 etiam
1150 2391 1232 2458 qnam
1246 2387 1333 2441 omnia
1349 2386 1400 2442 alia
1411 2389 1471 2444 ani·

382 2432 455 2554 ,θέω
480 2473 549 2552 quod
563 2464 670 2540 quidem
684 2460 813 2519 naturalis
833 2462 982 2517 necessitas
997 2460 1128 2517 declarat.
1146 2462 1212 2516 liliis
1226 2464 1296 2518 enirn
1311 2462 1471 2519 animalibus

394 2530 468 2628 ntus}
486 2541 653 2624 praeparavit
666 2535 766 2609 cibum,
783 2544 939 2608 tegumenta
960 2536 1089 2608 pilorum,
1104 2536 1298 2608 detonsionem,
1313 2543 1343 2592 ut
1362 2536 1470 2612 dentes,

372 2591 471 2704 gom„
492 2631 606 2691 ungues,
620 2611 662 2668 vel
677 2610 774 2668 saltem
787 2612 959 2670 velocitatem
973 2613 1007 2669 ad
1017 2611 1118 2684 lugam.
1127 2613 1213 2670 Homo
1226 2620 1317 2670 autem
1331 2614 1471 2670 institutus

370 2720 411 2775 est
436 2671 508 2763 oul’lo
522 2680 618 2749 boruin
633 2686 682 2744 sibl
696 2701 712 2742 a
726 2694 825 2744 natura
839 2693 1014 2760 praeparato,
1030 2686 1079 2743 sed
1094 2688 1155 2745 loco
1176 2689 1295 2745 omnium
1309 2688 1374 2744 data
1387 2691 1469 2747 estei

371 2755 446 2847 mio,
456 2763 651 2845 perquamaibi
662 2763 729 2819 baec
739 2763 1164 2833 omniaotficiomanuumoosset
1174 2778 1349 2836 praeparare:
1359 2764 1472 2838 adquae

369 2854 452 2918 omnia
466 2839 655 2918 praeparanda
669 2853 741 2908 unus
754 2838 835 2896 bomo
849 2853 902 2896 nou
917 2839 1028 2895 sufficit.
1045 2841 1113 2896 Nam
1128 2856 1197 2896 unus
1210 2840 1291 2895 homo
1305 2854 1354 2910 per
1368 2855 1397 2896 se
1412 2842 1470 2896 sul·

367 2928 485 2992 nolenter
497 2919 578 2972 vitam
592 2914 743 2985 transigere
756 2930 809 2971 nou
822 2921 925 2985 nosset.
941 2915 989 2971 Est
1002 2917 1086 2988 igitur
1099 2915 1198 2972 homiui
1212 2915 1343 2987 naturale,
1359 2919 1431 2987 qnod
1443 2919 1469 2973 in

367 3001 493 3063 societate
511 2989 658 3047 multorum
669 2990 891 3065 vivatnmollns,
901 2990 1128 3047 aliisaulmalibus
1142 2992 1274 3047 insitaest
1284 2992 1415 3048 naturalis
1426 2993 1470 3048 iu·

365 3072 470 3136 dustria
482 3067 517 3124 ad
530 3067 620 3122 omnia
634 3081 666 3123 ea
680 3078 749 3138 quae
765 3072 830 3122 suut
843 3067 882 3122 eis
896 3065 984 3136 utilia,
999 3066 1042 3122 vel
1056 3069 1162 3131 nociva,
1180 3069 1250 3124 sicut
1262 3069 1320 3122 ovis
1335 3069 1468 3124 naturali·

365 3161 407 3207 ter
419 3145 531 3200 extimet
546 3142 639 3213 lupum
654 3141 804 3200 inimicum.
819 3141 957 3211 Quaedam
971 3144 1054 3199 etiam
1067 3142 1192 3198 animalia
1206 3157 1239 3197 en
1254 3142 1372 3198 naturali
1385 3143 1466 3199 ludu-

365 3221 431 3281 strla
445 3224 615 3291 cognoscunt
626 3218 731 3291 aliamne
745 3217 843 3274 herbas
857 3216 1080 3289 medicinales‚et
1089 3218 1142 3274 alia
1153 3231 1248 3274 eornm
1259 3218 1327 3274 ritae
1338 3233 1466 3276 necessa-

364 3299 414 3355 ria.
430 3296 515 3351 Homo
529 3302 621 3351 autem
636 3295 744 3366 borum,
753 3309 822 3366 quae
837 3300 901 3351 suut
914 3309 980 3349 suae
995 3295 1063 3350 uitae
1077 3294 1241 3363 necessaria,
1251 3293 1405 3350 naturalem
1419 3311 1466 3352 oo·

364 3370 514 3444 gnitiouem
528 3371 608 3426 babet
623 3371 709 3426 solnm
721 3372 745 3426 iu
757 3373 903 3438 communi,
912 3369 987 3441 quasi
1001 3385 1033 3426 eo
1044 3371 1234 3438 narrationem
1248 3368 1354 3426 valente
1363 3385 1397 3426 ex
1408 3373 1468 3427 uol-

364 3444 513 3502 nersalibus
524 3446 663 3516 principiis
673 3453 702 3506 et
712 3446 895 3516 coguitionem
905 3445 1083 3519 singolorum,
1093 3460 1163 3518 quae
1172 3446 1329 3502 necessaria
1342 3452 1405 3502 sunt
1416 3446 1468 3501 bu-

363 3535 460 3578 manae
476 3521 555 3586 ritae,
565 3522 718 3590 pervenire.
728 3522 787 3576 Non
801 3529 844 3576 est
856 3525 948 3577 autern
960 3519 1097 3592 possibile,
1106 3521 1179 3593 quod
1189 3536 1261 3576 uuus
1271 3519 1350 3576 bomo
1360 3521 1395 3577 ad
1406 3536 1467 3579 orn·

364 3598 408 3652 nia
423 3594 575 3652 huiusmodi
590 3611 728 3666 persuum
742 3597 873 3653 rationem
888 3597 1038 3669 pertingat.
1053 3597 1103 3652 list
1117 3596 1198 3668 igitur
1216 3597 1401 3652 necessarium
1414 3597 1464 3652 bo-

363 3671 440 3737 mini,
457 3670 529 3742 quod
545 3673 572 3727 iu
586 3671 757 3729 multitudiue
771 3673 850 3743 vivat,
865 3678 892 3726 at
906 3688 976 3728 unus
989 3671 1023 3728 ab
1037 3671 1089 3728 alio
1101 3673 1255 3742 adiuvetur,
1270 3675 1299 3726 et
1309 3671 1407 3727 diversi
1421 3671 1464 3727 dl-

364 3746 450 3802 versis
463 3746 629 3804 inveniendis
643 3763 692 3819 per
702 3749 836 3804 rationem
847 3754 1058 3818 occuparentur,
1068 3757 1142 3819 puta,
1155 3764 1223 3803 unns
1237 3747 1264 3802 iu
1280 3747 1420 3819 medicina,
1431 3761 1462 3802 a·

365 3821 418 3878 lina
437 3820 462 3876 iu
477 3821 540 3894 hoe,
562 3823 633 3880 allus
647 3826 673 3881 in
687 3823 751 3881 alio.
766 3824 824 3880 lloc
842 3824 925 3879 etiam
939 3821 1138 3880 evidentissime
1157 3821 1318 3879 declaratur
1331 3837 1379 3893 per
1399 3823 1461 3894 boc,

363 3895 436 3968 quod
445 3902 489 3953 est
499 3899 637 3968 proprium
648 3899 763 3956 bominis
776 3899 912 3956 locutione
923 3901 1031 3971 uti‚oer
1042 3911 1124 3971 quam
1138 3914 1209 3955 uuus
1221 3898 1301 3954 homo
1314 3897 1372 3954 aliis
1383 3912 1463 3953 suum

363 3978 528 4042 conceptum
547 3972 665 4031 totaliter
680 3980 770 4046 polest
788 3974 951 4046 exprimere.
973 3972 1150 4046 simonidem
1168 3972 1292 4030 animalia
1307 3973 1464 4044 exprimunt

364 4052 459 4103 mutuo
476 4049 616 4118 passiones
632 4065 705 4121 suaa,
719 4052 746 4107 iu
760 4051 908 4122 communi,
923 4055 954 4106 ut
967 4050 1043 4106 canis
1056 4050 1081 4104 io
1095 4049 1197 4106 latratu
1209 4049 1287 4118 iram,
1303 4053 1331 4104 et
1344 4048 1394 4105 alia
1407 4049 1465 4104 aui·

363 4122 445 4180 malla
465 4124 602 4193 passiones
616 4141 678 4182 suas
691 4126 803 4184 dirersis
818 4125 915 4182 modis.
932 4125 1015 4197 lingis
1029 4126 1111 4197 igitur
1124 4124 1205 4181 homo
1218 4131 1261 4180 est
1280 4127 1466 4182 communica·

363 4200 435 4255 tirus
454 4198 543 4270 alteri,
565 4215 645 4272 quam
658 4201 849 4275 quodcumque
868 4200 941 4258 aliud
956 4201 1068 4270 animal,
1086 4200 1157 4272 quod
1172 4199 1284 4272 gregale
1302 4199 1419 4272 videtur,
1436 4203 1466 4255 ut

362 4290 442 4348 gras,
454 4275 578 4344 formica,
592 4282 620 4332 et
635 4279 704 4346 noia.
720 4278 776 4333 lloc
790 4291 856 4349 ergo
866 4277 1040 4333 considerans
1051 4275 1176 4332 Salomon
1195 4277 1220 4332 io
1235 4273 1404 4331 Ecclesiaste
1416 4276 1463 4330 ait:

368 4372 379 4402 n
394 4351 489 4409 blelius
505 4349 801 4425 catecumenorum
815 4367 909 4409 unum.
925 4352 1031 4408 Habent
1044 4353 1117 4407 enim
1130 4350 1341 4408 emolumentum
1356 4357 1465 4407 mutuae

364 4427 513 4484 societatis.
524 4428 684 4484 »Hactenus
699 4426 1007 4498 desociabllilale3nunc
1019 4425 1095 4483 iulert
1110 4425 1248 4498 raginainis
1261 4427 1463 4483 necessitatem:

369 4522 380 4550 n
397 4505 423 4560 Si
435 4517 502 4577 ergo
516 4501 637 4561 naturale
653 4508 694 4558 est
705 4503 803 4560 bomini
817 4504 888 4576 quod
903 4505 928 4560 iu
943 4503 1070 4559 societate
1088 4503 1235 4559 multorum
1249 4501 1332 4572 vivat,
1351 4515 1464 4558 neceam
