3238 5282
441 273 505 340 192
780 251 781 254 ¹
887 293 982 343 erosa
998 291 1051 384 u..

390 439 439 504 acl
455 427 632 521 adtempus
644 441 693 504 rel
705 440 948 524 inperpetuum,
960 438 1053 506 alteri
1065 457 1162 520 opera
1173 434 1242 513 aaa,
1252 433 1332 502 aller
1349 429 1423 503 lero
1435 461 1518 528 mer-

388 529 497 592 cedem
514 530 673 610 rependit.
685 530 783 606 llaec,
794 549 874 612 quae
889 532 931 596 ad
945 539 1065 608 tempus
1080 523 1311 609 sit,landabitis'
1326 523 1517 596 atnecessa

388 617 450 680 ria:
464 635 544 698 quae
557 635 630 682 vero
639 621 799 694 advitam,
809 621 885 684 dnm
894 621 962 683 iura
974 624 1138 682 creaturae
1147 615 1440 683 rationalisintacta
1452 641 1518 686 ser-

388 710 512 781 ventur,
532 707 636 771 minus
651 709 716 791 ipsa
732 710 883 790 congrait
894 708 1061 772 hominum
1075 713 1207 771 naturae
1216 712 1248 770 et
1263 706 1421 781 societati,
1437 712 1518 775 tole-

390 795 498 860 rabilis
514 800 632 873 umen,
650 803 682 862 et
698 799 782 879 apud
798 791 957 864 Haeb'rcos
972 797 1084 878 viguit,
1099 801 1131 861 et
1142 796 1256 860 deinde
1267 795 1350 876 apud
1361 795 1517 864 Christia-

391 900 459 956 nos,
473 901 545 948 eam
556 904 662 951 rerum
674 890 707 951 et
716 891 894 971 temporum
901 887 1058 951 adiunctis
1067 884 1319 966 exposcentibus,
1329 890 1365 948 nt
1373 891 1516 968 sequenti

390 973 485 1037 titulo
510 974 748 1041 declarabimus,
767 982 811 1042 At
826 977 966 1042 obnoxia
985 974 1132 1046 servitus,
1151 973 1251 1059 qualis
1272 973 1354 1054 apud
1373 976 1517 1042 ethnicas

379 1067 509 1140 'gentes‘
517 1064 638 1139 extitit,
656 1065 726 1129 iure
743 1065 878 1134 naturali
893 1065 1026 1130 omnino
1042 1064 1239 1146 reprobatur.

481 1152 571 1216 xvi.
590 1154 684 1227 Nam,
700 1154 840 1236 primum
856 1155 935 1219 ituris
951 1152 1189 1216 tundamentum
1201 1156 1249 1215 est
1263 1157 1395 1215 naturae
1408 1153 1518 1218 buma-

394 1255 452 1302 nae
467 1242 575 1304 uaitns
588 1247 621 1306 et
633 1243 820 1324 aequalitas,
830 1237 1002 1325 imaginem
1015 1243 1082 1321 ipsa
1095 1241 1235 1305 reterens
1246 1240 1447 1316 Divinitatis,
1459 1245 1517 1308 Dei

391 1329 485 1403 solius
501 1329 638 1411 imperio
654 1331 843 1404 naturaliter
851 1329 1090 1413 mancipataad
1105 1331 1173 1394 eius
1183 1329 1379 1398 consortium
1396 1339 1517 1406 evecta,

393 1416 505 1508 iisdem
521 1419 770 1489 substantialiter
786 1420 988 1487 facultatibus
1011 1421 1179 1492 instructa,
1196 1418 1305 1482 eadem
1322 1419 1449 1498 origine
1465 1422 1520 1485 iis-

390 1506 525 1588 demque
541 1509 668 1583 tinibns,
687 1509 823 1575 fratrum
838 1527 900 1574 una
916 1509 1087 1590 eademque
1100 1508 1220 1571 iamilia
1231 1508 1417 1573 constituta.
1432 1509 1519 1592 Ergo

331 1603 336 1609 ·
393 1593 1520 1682 nulladispoticadominatio,seuproprietas,alteriusin-alterum,par-

393 1685 435 1748 tis
452 1686 486 1756 in,
502 1692 638 1767 partem,
657 1687 798 1770 aequalis
812 1689 846 1752 in
862 1689 1040 1770 aequalem.¹
1056 1685 1191 1750 Politica
1206 1685 1404 1758 dominatio,
1419 1688 1519 1770 impe-

382 1775 475 1838 ·rium
494 1775 541 1838 ael
558 1775 738 1842 iurisdictio
753 1781 814 1851 est,
833 1795 896 1841 non
912 1776 1058 1858 qualisin
1072 1792 1125 1846 ¹res
1140 1774 1320 1838 materiales
1333 1773 1382 1836 rel
1400 1775 1434 1838 in
1448 1778 1520 1840 bru-

392 1869 425 1926 ta
437 1861 601 1928 exercetur
615 1866 806 1948 proprietas:
822 1867 895 1930 cuni
910 1866 996 1929 enim
1013 1864 1120 1946 omnia
1135 1863 1192 1927 sub
1207 1859 1370 1928 bominum
1388 1865 1520 1944 pedibus

357 2025 358 2030 ἵ
391 1952 575 2016 subiecisset
593 1954 687 2028 Dans,
708 1974 771 2018 non
787 1955 962 2026 hominem,
980 1972 1043 2017 non
1059 1952 1107 2016 sui
1123 1952 1308 2032 imaginem,
1326 1953 1378 2016 cui
1393 1959 1517 2019 creata-

392 2059 463 2104 rum
479 2058 586 2106 rerum
602 2043 810 2124 adscripscrat
826 2043 1024 2107 famulatum.
1043 2042 1142 2122 Atqui
1160 2057 1217 2122 per
1232 2040 1403 2105 obnoxiam
1421 2043 1519 2105 serri-

393 2134 506 2201 tutem,
525 2129 602 2193 haec
614 2130 773 2212 frangitur
785 2132 908 2212 generis
920 2133 1037 2205 unitas,
1052 2129 1208 2194 hnmanae
1220 2128 1363 2192 familiae
1374 2130 1520 2194 dissolri-

334 2233 335 2236 ’
392 2223 447 2281 tur
461 2217 626 2298 integritas
642 2225 675 2284 et
690 2219 874 2304 aequalitas;
892 2225 925 2284 et
944 2220 1167 2302 superbissima
1182 2224 1340 2291 creatura,
1357 2216 1520 2284 Creatoris

393 2306 566 2387 imaginem
581 2309 736 2390 captivam
753 2308 858 2373 habet.
877 2309 1011 2375 Plurimi
1029 2309 1075 2373 vel
1091 2308 1199 2373 miseri
1216 2309 1264 2370 val
1280 2308 1401 2372 infirmi
1421 2309 1454 2371 in
1471 2327 1521 2372 oa-

393 2397 465 2460 dein
482 2393 617 2472 iamilia;
634 2399 688 2461 scd
705 2398 936 2478 numquidnon
947 2397 1114 2462 'bomincst
1126 2397 1286 2483 Numquid
1301 2414 1319 2458 a
1336 2397 1419 2470 iure,
1439 2415 1520 2462 aso-

392 2484 521 2559 cietate,
534 2503 557 2550 a
573 2486 693 2550 familia
708 2486 901 2568 expellendi,
919 2491 954 2550 ut
969 2487 1094 2551 Platani
1108 2491 1141 2550 et
1157 2485 1324 2550 Aristoteli
1342 2486 1463 2550 visum?
1474 2488 1519 2552 Ex

392 2573 535 2647 aduerso,
555 2593 660 2640 nonne
682 2575 860 2658 assumendi
876 2580 909 2639 et
925 2574 1052 2639 fovendi
1068 2575 1117 2640 nti
1137 2575 1278 2638 membra
1295 2573 1334 2638 de
1350 2575 1519 2639 membra?

391 2662 506 2728 Nonne
521 2663 595 2727 inde
612 2665 746 2730 validior
761 2671 891 2731 naturae
907 2681 967 2728 vox
981 2682 1061 2747 quae
1077 2664 1116 2728 ad
1131 2664 1285 2745 pietatem
1302 2669 1408 2735 vocat,
1428 2669 1521 2748 atque

231 2773 237 2786 ¹
293 2817 296 2822 ,
393 2751 651 2833 adpraesidinm?

392 2873 396 2882 -
479 2841 587 2906 xvii.
606 2841 696 2907 Unde
710 2859 787 2922 ergo
803 2840 966 2906 servitutis
979 2841 1082 2924 plaga,
1097 2858 1158 2922 qna
1171 2857 1232 2903 una
1245 2839 1382 2903 fratrum
1396 2857 1471 2922 pars
1483 2841 1520 2905 ab

389 2927 487 3015 altera
502 2929 705 2995 obruebatur.
723 2931 796 2998 Non
812 2930 938 2995 aliunde
950 2947 1024 2994 sane
1039 2948 1133 3012 quam
1150 2947 1168 2991 a
1181 2935 1314 2993 naturae
1334 2928 1438 3008 ipsius
1453 2947 1522 2994 cor-

388 3019 550 3100 ruptione,
568 3037 648 3100 quae
663 3020 828 3100 insurgens
844 3019 877 3082 in
890 3019 1003 3093 Deum,
1014 3024 1047 3083 et
1059 3019 1091 3081 in
1104 3021 1173 3082 eius
1188 3017 1362 3099 imaginem
1380 3018 1522 3082 insurre-

387 3114 492 3181 xerat;
508 3109 608 3172 Deum
622 3109 773 3189 ignorans
786 3111 833 3174 vel
845 3107 1341 3188 despiciens,bominem'quoqne
1352 3107 1522 3186 ignorare·

388 3202 439 3261 rat
452 3197 499 3260 vel
512 3198 711 3278 desperarem
723 3198 786 3261 Dei
794 3197 949 3262 unitatem
961 3196 1121 3270 reiiciens,
1132 3195 1262 3276 eiusque
1274 3194 1519 3277 paternitatem,

387 3285 518 3349 humani
528 3286 899 3366 indegenerisuuitatem
912 3302 948 3349 ac
965 3285 1199 3352 fraternitatem
1210 3283 1425 3366 prosciderat.
1436 3284 1519 3348 llaec

387 3373 591 3454 problematis
608 3375 737 3449 solutio;
751 3376 834 3439 unde
845 3375 905 3451 boc
916 3373 1182 3454 consequebatur:
1195 3373 1324 3435 nonnisi
1340 3377 1518 3452 restaurata

385 3463 540 3526 divinitus
557 3462 616 3525 Dei
634 3464 777 3536 notione,
796 3464 918 3529 unitate
933 3479 969 3526 ac
991 3463 1200 3542 paternitate,
1218 3477 1383 3542 nunquam
1400 3467 1518 3525 restau-

387 3551 519 3614 randam
534 3545 604 3613 asse
615 3550 782 3615 bominum
793 3552 997 3633 dignitatem,
1011 3550 1179 3624 unitatem,
1194 3549 1331 3630 originis
1344 3549 1518 3631 aequalita-

388 3644 453 3702 tem
466 3655 502 3702 ac
514 3637 860 3719 fraternitatemonae
870 3639 1057 3704 restauratio
1069 3638 1152 3702 sicut
1163 3642 1232 3707 erat
1244 3637 1278 3702 in
1293 3637 1392 3710 votis,
1404 3639 1462 3711 sic,
1472 3655 1518 3700 re

388 3727 543 3808 spiciente
555 3727 694 3793 Numine
709 3731 747 3793 ad
763 3747 842 3810 opus
857 3727 940 3811 qnod
956 3727 1154 3802 condiderat,
1172 3727 1324 3792 successit
1341 3728 1376 3790 in
1393 3726 1496 3791 iactis.

807 4115 1091 4142 ----ooe--—---
