3224 5282
574 331 757 384 rrronusx.
1139 313 1181 379 7t

105 499 163 545 nae
179 483 276 545 erunt
292 480 396 546 larvae
407 477 605 558 umbratiles,
615 479 780 546 simulacra
792 495 876 544 cassa
889 484 921 545 et
932 479 1051 545 brania.
1062 480 1162 562 Atqui
1176 479 1226 546 lex

104 570 225 644 divina,
237 570 381 633 divinum
392 568 574 650 imperium,
592 569 699 633 divina
713 569 898 653 paternitas,
915 567 982 634 sola
998 567 1150 651 religione
1164 567 1226 632 iul·
1293 637 1296 639 ,

104 659 233 723 ciuntur
248 675 285 722 ac
299 661 528 722 sustentantur:
551 675 625 738 ergo
639 658 706 721 sola
721 656 848 738 religio,
871 655 1001 722 familiis
1016 661 1109 741 atque
1125 657 1225 738 impe·

105 747 163 810 riis
179 747 373 827 praesidens,
390 763 428 809 ea
442 746 608 827 regiminis
623 750 656 810 ct
671 745 792 810 ordinis
808 745 928 810 uanitate
942 744 1132 810 continebit.

196 835 288 899 Vlll.
305 835 411 910 Dices,
429 840 552 900 remoto
567 833 665 899 etiam
679 834 760 909 Deo,
778 834 923 898 homines
938 834 1076 910 ratione,
1090 837 1159 898 tum
1171 848 1227 898 na·

107 923 204 987 turali
220 925 269 989 vel
284 923 370 989 civili
387 924 556 1004 aequitate,
574 922 747 998 molliciis,
765 921 940 987 contineri?

198 1010 272 1087 Sed,
285 1029 357 1077 oum
369 1011 451 1076 ratio
463 1013 567 1089 unius,
582 1011 713 1076 alterius
724 1011 843 1076 rationi
855 1010 991 1094 aequalis
1002 1010 1056 1086 sit,
1071 1008 1155 1074 nulla
1166 1009 1228 1073 im-

108 1099 235 1181 perium
250 1100 523 1181 obtinebitlgitur
535 1099 597 1163 alia
612 1100 701 1165 ratio'
712 1105 759 1166 cst
774 1100 961 1176 adhibenda,
971 1100 1051 1164 alius
1063 1098 1226 1180 magister,

108 1189 189 1252 alius
205 1190 377 1270 imperans:
396 1189 479 1253 ratio
495 1203 608 1271 nempe
619 1193 652 1253 et
664 1189 836 1254 auctoritas
851 1188 967 1254 summi
974 1189 1047 1254 Dei.
1058 1188 1159 1270 Atqui
1168 1187 1230 1252 Dei

107 1295 231 1353 vocem,
250 1279 378 1359 eiusque
393 1276 540 1360 imperia,
553 1277 623 1341 sola
638 1277 752 1358 religio
767 1277 870 1343 desert
886 1294 904 1341 a
919 1278 1019 1354 caelo,
1037 1276 1230 1362 interpreta-

108 1370 176 1442 tur,
195 1366 352 1450 explanat:
371 1383 446 1447 crgo
461 1366 556 1430 solius
571 1368 620 1430 est
635 1366 809 1447 religionis,
823 1365 994 1430 humanam
1008 1368 1230 1432 auctoritatem

110 1456 191 1520 adeo
201 1455 328 1520 caelesti
339 1455 537 1519 communire
548 1455 750 1530 auctoritate,
760 1459 796 1519 ut
804 1454 1019 1520 homines-non
1027 1455 1071 1530 vi,
1084 1471 1149 1519 non
1158 1471 1232 1520 coa-

109 1548 175 1619 cte,
192 1543 248 1608 sed
263 1542 423 1608 exanimo
439 1547 583 1626 pareant.
609 1541 770 1623 Quaenam
787 1548 891 1609 autem
907 1542 1080 1608 abstractae
1094 1543 1160 1609 sive
1176 1559 1232 1608 na-

108 1631 208 1698 turali
223 1632 288 1697 sive
302 1631 403 1696 civilis
417 1631 559 1696 iustitiae
574 1630 632 1706 vis,
651 1631 714 1696 nisi
728 1632 762 1695 in
778 1633 927 1696 concreto
942 1630 1119 1712 legislatore
1133 1631 1232 1714 inspi-

108 1723 226 1796 ciatur,
241 1718 296 1803 qui
312 1725 440 1785 naturae
456 1721 595 1790 emineat
607 1737 643 1785 ac
654 1719 847 1795 dominetur,
858 1716 946 1784 cuius
957 1719 1126 1802 imperium
1139 1737 1232 1784 nemo

110 1809 346 1891 praevaricator
358 1807 502 1892 effugiat?
513 1809 694 1884 Esto,bona
706 1827 794 1873 mens
806 1807 983 1874 naturalem
994 1808 1045 1874 vcl
1055 1807 1180 1899 civilem
1193 1808 1232 1871 li-

108 1899 188 1962 beus
202 1901 352 1980 sequatur
366 1898 569 1980 aequitatem
586 1898 641 1963 sed
656 1897 726 1979 quis
741 1897 891 1962 audacem
905 1899 1064 1979 temperet
1075 1896 1123 1964 rel
1134 1897 1233 1962 scele-

109 1985 238 2062 stam,si
247 1986 323 2067 legis
334 1986 462 2069 impune
472 1986 635 2051 violandae
643 1981 991 2071 dcturoocasiol(o)1us
1001 2001 1077 2067 ergo
1088 1985 1231 2050 divinum

108 2093 204 2158 super
217 2073 1044 2156 iurahumanaestconstituendumdieligionisenim
1053 2073 1229 2150 maiestate,

108 2163 201 2248 quasi
217 2163 402 2228 Divinitatis
416 2163 519 2238 radio,
545 2163 710 2244 obsignata
725 2162 913 2246 imperantis
928 2163 1129 2237 auctoritate,
1149 2163 1238 2245 leges·

109 2268 238 2334 quoque
249 2251 480 2316 exDivinitatis
495 2257 602 2317 mente
614 2253 800 2318 hauriendas
811 2251 939 2332 eiusque
954 2250 1089 2334 imperio
1101 2252 1231 2332 signau-

109 2342 179 2418 das,
196 2344 307 2422 gentes
322 2357 430 2405 omncs
446 2345 677 2421 persenserant.
687 2341 770 2406 Hine
784 2339 911 2405 Tacitus
925 2340 1053 2408 «Numa
1064 2338 1231 2422 religioni·
1300 2387 1308 2397 ,

109 2429 168 2494 bus
185 2434 218 2494 et
232 2445 348 2496 bruno
363 2445 437 2494 runa
453 2429 606 2511 populum
617 2429 758 2495 devinxit
767 2424 809 2511 1).
821 2451 839 2491 n
851 2427 924 2495 Non
936 2445 1013 2494 vero
1024 2428 1150 2512 quidem
1162 2427 1231 2492 iure
1296 2420 1320 2492 ll
1343 2413 1476 2500 Amba

111 2519 179 2596 scd,
188 2522 228 2588 ut
243 2535 351 2583 omnes
367 2517 573 2600 legislatores,
587 2521 720 2584 naturae
734 2517 868 2584 inditam
882 2516 982 2584 sensit
996 2517 1228 2593 necessitatem,
1255 2493 1303 2571 ¹¹¹2
1318 2495 1366 2554 ²⁶·

193 2677 233 2751 tol
245 2677 589 2753 Puieudortius,olttmum
604 2685 632 2740 et
641 2681 845 2753 firmissimam
854 2683 1003 2741 societatis
1011 2679 1163 2741 maculam
1173 2695 1235 2738 esse

112 2753 309 2827 inreligiosae,
330 2757 505 2828 mouentibus
518 2757 629 2814 evincit:
647 2778 658 2809 u
673 2756 813 2831 Religione
827 2764 941 2831 remota,
957 2758 1098 2815 civitatum
1117 2757 1234 2814 firmitas

115 2831 267 2887 intrinseca
286 2845 395 2902 semper
409 2832 435 2887 iu
450 2833 554 2888 incerto
563 2832 644 2906 toret,
657 2845 754 2903 parum
763 2831 805 2888 vel
818 2831 884 2889 nibil
898 2831 1055 2890 conterente
1066 2847 1167 2905 poenae
1175 2845 1234 2888 me·

114 2913 156 2977 tn,
171 2904 217 2960 vel
233 2904 285 2961 tide
306 2907 491 2978 superioribus
504 2906 578 2964 data.
593 2907 669 2963 'l'uuc
682 2907 755 2963 enim
768 2921 864 2964 revera
883 2905 974 2964 locum
987 2907 1078 2965 babet:
1093 2911 1144 2981 pat
1157 2908 1235 2962 morl

113 2984 181 3046 scit,
198 2983 261 3054 coel
270 2986 383 3054 neputm
395 2981 587 3054 quippebeum
598 2997 651 3038 uon
662 2987 825 3056 metuentes,
835 2997 887 3040 uec
897 2989 1014 3040 mortem
1026 2988 1157 3040 metuent.
1166 2982 1234 3038 iluic

114 3056 333 3114 contemnendae
346 3057 392 3129 qui
407 3057 558 3130 sufficeret,
569 3057 596 3112 in
608 3057 779 3127 imperantes
789 3057 900 3134 quaevis
913 3043 1019 3115 tenlare
1030 3064 1134 3130 posset.
1143 3058 1234 3113 Utan-

115 3138 172 3188 tem
187 3128 215 3187 id
230 3129 323 3204 vellet,
335 3133 378 3188 vix
388 3139 521 3188 causaest
534 3132 670 3189 deiutura:
684 3137 760 3206 puta,
773 3139 803 3188 ut
812 3132 961 3190 declinaret
972 3132 1153 3204 incommoda,
1162 3144 1233 3203 quae

116 3207 170 3262 sibi
185 3206 220 3262 ab
232 3205 346 3263 alterius
361 3207 474 3277 imperio
488 3205 613 3264 sidentur
623 3206 791 3280 incumbere,
800 3214 847 3264 aut
856 3213 887 3264 ut
897 3207 955 3278 ipsc
968 3208 1101 3278 potiretur
1111 3220 1234 3266 commo·

116 3281 171 3351 dis,
188 3297 259 3352 quae
274 3282 378 3352 imperil
391 3297 579 3352 possessorem
591 3283 766 3339 comitantur.
779 3283 942 3340 Praesertim
952 3297 1016 3338 cum
1025 3280 1102 3338 facile
1114 3279 1234 3337 iudicare

115 3356 216 3428 possit,
233 3357 290 3412 inre
305 3372 333 3413 se
350 3357 377 3413 id
390 3358 489 3414 iacere:
507 3356 547 3413 vel
562 3358 634 3430 quod
655 3358 700 3430 qui
714 3357 741 3412 in
753 3371 886 3427 praesens
906 3370 999 3413 rerum
1019 3357 1132 3428 potitur,
1148 3369 1232 3426 prave

116 3430 317 3502 rempublicam
328 3430 454 3488 videatur
465 3446 576 3506 gerere,
586 3432 626 3490 sel
636 3430 710 3504 quod
724 3432 781 3503 ipse
796 3430 875 3504 louge
886 3431 982 3488 melius
993 3431 1191 3503 imperaturum
1202 3445 1233 3486 se

118 3512 223 3578 speret.
241 3507 354 3565 Occasio
367 3513 459 3582 autem
471 3506 507 3564 ad
518 3507 584 3564 talia
597 3506 730 3565 tentanda
748 3506 826 3564 facile
840 3507 932 3564 offerri
952 3512 1057 3579 posset,
1072 3521 1138 3580 rege
1151 3507 1234 3562 vitam

120 3597 201 3639 suam
215 3597 269 3654 uon
284 3583 350 3638 satis
364 3590 444 3640 caute
458 3583 683 3654 circumsepieute
697 3581 735 3656 let
748 3583 819 3656 quis,
832 3582 882 3640 tali
895 3597 988 3640 rorum
1001 3587 1086 3653 suta,
1104 3579 1235 3638 custodes

121 3657 198 3728 ipsos
212 3655 385 3732 custodierit,
398 3657 440 3714 vel
455 3655 549 3714 multis
563 3656 791 3730 conspirantibus,
802 3656 853 3730 uel,
865 3656 937 3716 bello
950 3663 1063 3715 externo
1077 3658 1233 3730 ingruente,

120 3732 236 3789 adscitis
250 3733 278 3787 in
292 3737 385 3804 partes
406 3733 539 3790 bostibus.
559 3756 571 3788 l
587 3735 725 3790 Hactenus
739 3730 773 3789 do
786 3731 817 3788 iis
830 3747 900 3805 quae
913 3732 1028 3804 principi
1047 3733 1136 3789 iurent
1149 3731 1236 3802 perti·

121 3806 282 3864 mescenda.
297 3809 476 3881 Prosequitur
497 3823 573 3883 vero,
589 3807 637 3864 illa
650 3804 808 3864 enarrando
827 3822 897 3880 quae
911 3808 963 3864 civi
977 3821 992 3863 a
1006 3807 1076 3879 cive,
1097 3806 1205 3878 coniugi
1219 3821 1236 3862 a

121 3883 253 3954 coniuge,
265 3883 390 3939 omnibus
400 3889 491 3940 autem
503 3883 536 3940 ab
549 3883 705 3956 irreligioso
720 3882 842 3954 principe
856 3883 1112 3946 esseutmetuends.
1123 3883 1237 3938 Demum

122 3956 275 4014 concludit:
291 3979 303 4008 o
318 3957 395 4014 Unde
409 3964 534 4031 apparet,
550 3958 840 4033 quantopereintersit
852 3958 961 4031 generis
970 3958 1090 4030 humani,
1101 3957 1236 4014 atbeismo

121 4049 219 4089 omnes
240 4032 308 4106 sias,
330 4048 364 4090 ue
383 4034 542 4104 invalescat,
564 4032 752 4105 praecludere
771 4032 906 4106 simulque
924 4039 1025 4106 quauta
1045 4031 1168 4090 vecordia
1189 4045 1238 4088 eos

122 4109 218 4180 agitet,
233 4107 281 4180 qui
298 4107 332 4164 ad
343 4109 495 4180 opinionem
511 4109 670 4180 prudentiae
691 4107 817 4180 politicae
831 4106 1028 4166 conciliandam
1046 4107 1138 4165 lacere
1155 4112 1239 4163 autu·
1345 4159 1348 4164 .

121 4189 210 4256 mant,
227 4185 255 4313 sil
265 4183 300 4312 ὶιι4
312 4182 479 4329 iJmpietatem
494 4183 629 4256 proclives
642 4183 809 4243 videantur»
834 4183 986 4259 (Paruum,
1004 4185 1048 4240 De
1060 4184 1137 4260 offic.
1159 4181 1236 4239 ltom.

122 4264 148 4316 et
161 4262 231 4322 eto,
260 4299 268 4330 ,
306 4297 313 4311 .
528 4270 530 4278 ·

198 4332 226 4389 Si
241 4332 267 4388 iu
281 4333 397 4403 privatis
416 4334 567 4392 bominibus
587 4333 753 4408 inexplebilis
768 4333 896 4407 regnandi
917 4331 1010 4405 libido,
1026 4332 1047 4388 sl
1065 4329 1241 4390 seditionibus

123 4422 173 4464 nec
192 4407 303 4478 modus,
318 4423 370 4465 uec
389 4409 466 4485 bnis,
478 4412 500 4467 si
515 4426 648 4468 concussa
667 4409 764 4467 alicubi
776 4408 968 4467 'contremiscit
987 4409 1113 4478 societas,
1131 4407 1238 4478 quinam

125 4481 270 4556 culpandi,
286 4484 336 4540 uisi
352 4485 397 4556 qui
411 4486 519 4546 ethaam
533 4487 590 4545 iero
603 4487 724 4544 moribus
740 4485 782 4544 vel
795 4485 902 4558 legibus
912 4485 1068 4542 societatem
1079 4482 1238 4550 effecerunt,

126 4557 164 4613 rel
179 4559 238 4615 lieri
252 4560 327 4632 passi
342 4558 420 4618 suut?
