3224 5282
453 473 740 551 TITULUS
788 472 876 549 llll.

232 649 444 711 sauromata,
462 650 617 702 aaronita
632 649 828 702 matanatis
843 648 1099 700 audolmansum

535 740 583 788 ΕΤ
597 739 790 792 auaracrlo.

188 883 210 944 1.
227 885 385 945 Otllciorum
397 883 481 959 basis,
502 884 660 942 auotoritas.
676 883 711 941 11.
726 883 796 942 Nihil
811 883 870 955 ipsa
883 882 1075 941 rationabilius.
1093 883 1140 942 111.
1158 885 1219 958 lpse

110 963 224 1020 lumiliae
239 967 267 1018 et
280 962 416 1017 societatis
429 959 644 1018 tundamentum.
661 961 704 1016 lv.
720 960 783 1030 lpsa
797 959 925 1030 primun,
938 961 991 1016 vita
1004 959 1131 1016 universa
1144 961 1219 1035 regi·

112 1048 155 1094 tur
167 1046 197 1093 et
207 1037 371 1092 continetur.
385 1037 418 1093 V.
433 1034 627 1092 llatiouebilior
638 1034 717 1106 tides,
729 1035 852 1106 qao'beo
865 1034 1013 1107 eredimus,
1025 1041 1053 1092 et
1065 1033 1220 1108 religiosam

111 1130 171 1170 cum
188 1128 221 1168 eo
234 1113 389 1167 societatem
403 1110 583 1181 ingredimur,
594 1110 640 1167 vl.
655 1111 892 1181 eichstetensem,
906 1110 977 1167 civili
993 1126 1048 1166 non
1062 1124 1161 1180 parens
1170 1127 1222 1168 au·

113 1188 245 1245 ctoritati.
265 1187 322 1244 llll.
337 1187 452 1258 Negatio
463 1185 847 1257 auctoritatis.sceptioismus
860 1184 1028 1242 universalis..
1043 1184 1115 1243 11111.
1136 1188 1221 1258 Scep·

112 1265 240 1321 ticismus
260 1261 384 1332 politicus
398 1268 426 1317 et
440 1260 592 1332 religiosus.
611 1261 657 1316 tx.
672 1261 730 1317 Non
749 1258 887 1318 dissimilis
900 1267 916 1315 a
931 1259 1126 1332 philosophico:
1141 1276 1223 1317 causa

113 1337 278 1396 eommunis.
290 1336 324 1392 ll.
340 1335 419 1392 Fides
432 1334 585 1393 adhibenda
597 1337 622 1392 in
636 1335 731 1391 ordine
742 1334 869 1408 naturali,
881 1334 1007 1409 religioso
1017 1340 1046 1392 et
1058 1335 1160 1392 sociali.
1174 1338 1221 1394 111.
1257 1403 1259 1410 γ

113 1414 226 1484 Triplex
240 1411 385 1467 anarcbiae
396 1426 492 1483 genus.
505 1410 565 1467 llll.
576 1411 751 1467 Auctoritatis
762 1409 906 1466 elementa:
922 1409 1156 1484 ratimabilitus,
1167 1415 1225 1468 tm·

112 1483 1226 1634 {ititallaltittl‘llllllflltll'tllllltttildtlltlt:

114 1640 213 1695 tivum.
225 1637 281 1693 XV.
297 1637 356 1694 Sive
365 1636 502 1709 publicae,
514 1637 570 1693 sive
582 1636 716 1708 privatae,
731 1634 1225 1708 1111111111111111111.1111811

116 1712 321 1769 excelsiorcum
331 1707 1226 1784 beosocietas,excetsioremtntungttobedienttaseetatemxvlt.

118 1788 202 1844 Fides
215 1787 283 1842 baec
297 1789 369 1842 iuter
383 1788 440 1842 iura
456 1787 636 1858 recensenda,
650 1785 776 1844 naturam
789 1785 909 1857 dirigens
918 1801 951 1841 uo
964 1786 1118 1857 perdolens·
1131 1785 1226 1844 lllllll.

118 1863 209 1919 Unum
222 1862 264 1918 ius
278 1861 414 1932 publicum
430 1863 487 1932 liat,
503 1861 575 1918 siout
590 1878 674 1918 unum
691 1863 732 1918 ius
746 1860 868 1917 naturale
881 1866 909 1916 et
921 1859 1051 1918 divinum.
1068 1860 1140 1918 lllll.
1155 1862 1229 1918 llaec

116 1937 355 2067 ultimabpezleetio
369 1938 486 1994 interris
499 1935 686 2010 adipiscendo.
696 1935 756 1994 xx.
769 1935 935 1993 Auctoritate
944 1941 973 1994 et
981 1933 1110 2010 obsequio
1121 1934 1230 1995 moralis

114 2012 183 2070 ordo
196 2027 214 2069 a
234 2027 263 2068 so
276 2013 355 2069 titur.

208 2164 237 2229 1.
252 2163 468 2229 Rationalium
480 2169 696 2242 ereaturarum
708 2163 866 2240 ordinem,
879 2181 1049 2248 earumque
1063 2163 1233 2232 relationes

115 2254 272 2318 hactenus
286 2254 508 2335 expendentes,
526 2255 591 2318 iam
603 2253 745 2318 extrema
759 2257 913 2319 manemus:
927 2253 1007 2321 hiuc'
1017 2255 1127 2330 homo,
1140 2252 1231 2318 illine

115 2342 217 2408 Deus.
235 2341 331 2416 Deus,
348 2359 471 2406 summa
490 2342 586 2418 ratio,
603 2346 638 2406 et
652 2358 773 2406 summa
787 2343 849 2419 lex,
867 2347 988 2409 creatas
1003 2342 1118 2426 ubique
1132 2341 1233 2406 ratio·

117 2448 171 2494 nes
180 2429 224 2493 ad
232 2428 281 2492 sui
289 2429 462 2510 imaginem
474 2431 636 2512 effingens,
646 2431 770 2512 sibique
780 2435 875 2513 atque
885 2431 968 2514 ipsas
978 2430 1116 2497 invicem
1123 2445 1233 2497 amore

116 2523 149 2583 et
164 2516 289 2582 iuribus
303 2519 479 2583 revincens.
496 2519 611 2583 Divina
627 2537 723 2602 quum
735 2518 881 2585 siutiura
897 2520 1017 2596 omdia,
1034 2539 1076 2586 ex
1087 2525 1152 2584 uno
1162 2519 1233 2584 Deo

115 2606 256 2688 prolata,
270 2607 398 2690 proprie
413 2611 521 2672 tamen
535 2606 585 2672 ius
600 2607 748 2672 1111111111
763 2609 997 2691 appellavimus,
1014 2608 1099 2692 quod
1113 2606 1233 2674 rationi

117 2694 254 2759 insitum
270 2700 415 2760 enatura
438 2695 620 2770 extulimus;
635 2696 780 2761 divinum
801 2701 921 2772 autem,
938 2697 1023 2781 quod
1038 2696 1077 2762 ab
1091 2696 1159 2780 ipsu
1172 2695 1235 2761 bet

117 2783 261 2856 ratione,
278 2800 334 2865 per
350 2785 478 2850 verbum
492 2783 709 2861 revelationis,
727 2789 762 2850 et
776 2784 928 2851 divinitus
942 2787 1151 2852 constitutum
1167 2799 1235 2848 ma-

117 2871 301 2952 gisterium,
319 2872 508 2954 excepimus.
518 2873 568 2940 Ne
580 2877 739 2947 naturam,
753 2874 884 2956 eiusque
895 2874 965 2946 iura
975 2875 1234 2956 discerpemus,

117 2963 291 3042 utrumque
306 2960 537 3038 coniunximus.
548 2960 690 3043 Utroque
702 2965 818 3040 autem,
833 2963 1008 3034 officiorum
1018 2962 1129 3038 series,
1143 2977 1236 3045 pyra-

117 3049 278 3116 midatum
288 3049 386 3114 veluti
397 3044 588 3126 aedilicium,
599 3049 794 3126 extenditur,
805 3050 973 3128 evolvitur,
987 3050 1163 3134 perficitur.
1175 3050 1236 3114 Ba·

118 3137 161 3200 sis
177 3154 269 3211 vero,
287 3137 338 3200 cui
352 3136 498 3203 universa
513 3154 681 3218 compages
694 3137 932 3221 superstruitur:
945 3137 1238 3207 snosoarrnsdlu·

117 3226 167 3290 ius
182 3225 301 3306 duplex
315 3225 518 3292 elementum:
536 3225 983 3310 rationabilitasimperium.
999 3225 1053 3292 llli
1069 3224 1165 3304 ratio,
1180 3222 1236 3290 isti

120 3314 269 3378 voluntas
284 3312 421 3378 flectitur
436 3314 600 3396 obsequio.

209 3403 257 3468 ll.
275 3402 485 3469 Auctoritatis
496 3403 561 3469 vim
572 3409 667 3469 nemo
676 3403 817 3486 effugiet,
831 3406 958 3486 nmque
969 3403 1034 3470 late
1044 3405 1133 3486 patet
1142 3416 1237 3486 quam

118 3490 287 3556 bominum
304 3491 379 3556 vita:
397 3509 498 3576 neque
513 3491 755 3567 irrationabilis,
772 3493 821 3558 val
835 3491 967 3558 bomine
982 3492 1125 3574 indigna,
1139 3507 1238 3572 quum

120 3580 228 3660 potius
243 3578 484 3664 rationabilibus
500 3579 671 3645 momentis
693 3597 818 3663 semper
833 3581 876 3646 sit
891 3581 1014 3647 innixa.
1032 3578 1238 3647 auctoritate

120 3668 221 3742 enim,
232 3668 316 3733 ratio
332 3667 438 3732 minor
452 3670 548 3735 credit
562 3668 891 3748 maiori.Quidautem
902 3669 1133 3745 rationabilius,
1143 3683 1239 3750 quam

121 3755 312 3820 debiliorem
332 3755 490 3822 rationem
505 3755 622 3840 majori
635 3756 734 3824 inuiti
748 3775 786 3823 uc
800 3755 923 3823 fulcirit
936 3758 1019 3824 Hinc
1034 3757 1123 3822 omni
1137 3753 1239 3822 socie·

122 3848 170 3908 tas
184 3843 405 3918 constituitur;
422 3863 522 3922 mous,
540 3845 588 3912 vel
604 3846 786 3921 constituta,
798 3851 877 3912 ruet
892 3841 1142 3913 ac‘dtssolvetur.

142 3933 145 3952 ⁴
212 3933 275 3999 lll.
290 3936 320 3998 Α
332 3931 454 4004 tamilla
469 3935 496 4000 si
511 3934 660 4017 incipias,
671 3936 741 4002 viro
752 3935 856 4000 subest
867 3934 994 4011 mulier,
1008 3933 1191 4017 parentibus
1202 3930 1241 3996 fl·

121 4019 173 4096 lii,
190 4021 267 4102 quia
282 4020 440 4087 rationale
455 4026 503 4089 est
517 4023 658 4088 minores
672 4023 812 4089 rationes
823 4041 842 4088 a
854 4022 1025 4088 maioribus
1039 4021 1123 4088 duci.
1141 4021 1237 4094 Nam,

119 4108 148 4172 si
164 4110 270 4190 prima
285 4109 420 4174 rationis
435 4109 505 4177 iura
521 4111 593 4178 ideo
605 4116 749 4179 tenerum
760 4111 832 4196 quia
848 4111 996 4196 propriae
1007 4108 1127 4177 rationi
1141 4107 1198 4173 illa
1209 4125 1243 4172 e·

119 4197 253 4263 docenti
267 4200 438 4275 credimus,
454 4200 606 4267 nobiliori
619 4218 745 4284 quoque
759 4200 877 4266 rationi
889 4200 953 4266 erit
963 4199 1041 4268 tides
1051 4196 1240 4264 adhibenda.

118 4285 213 4366 Quod
227 4287 350 4370 pariter
364 4290 400 4354 in
422 4289 596 4366 communi,
613 4293 646 4358 ct
660 4288 760 4364 civili,
777 4293 810 4358 et
832 4288 981 4372 religiosa
1002 4287 1154 4354 socictate
1167 4302 1243 4370 opu·

118 4374 230 4455 tingit.
250 4376 333 4451 lmo,
351 4394 369 4442 a
384 4380 496 4444 natura
511 4378 558 4446 ita
571 4377 872 4454 constitutionum,
889 4383 926 4444 ut
939 4376 1009 4446 sine
1023 4375 1097 4457 flde,
1115 4373 1244 4455 eiusque

120 4464 325 4566 auctoritate,
345 4483 446 4551 nequa
461 4466 636 4548 nobiscum,
651 4485 753 4553 neque
768 4467 801 4533 in
816 4466 966 4535 societate
981 4483 1060 4543 esse,
1077 4461 1125 4533 uel
1139 4461 1245 4527 vivere

118 4568 291 4632 posumus.
