3222 5282
566 335 699 385 rrauuus
715 337 761 386 ix.
1135 320 1178 386 67

96 482 214 548 illustri
231 480 378 548 Cuvierio
393 480 532 564 protrita
544 481 609 556 ,luit
625 481 678 566 (a).
692 484 829 548 Domum
843 500 940 565 quum
957 482 1085 564 nuperis
1100 489 1222 569 tempo-

95 573 198 646 ribus,
213 572 290 637 ialsa
302 571 455 654 quaedam
466 571 613 636 bistorioc
621 572 816 652 philosophia
828 589 925 638 novos
936 578 1154 655 assequeretur
1165 574 1222 640 ho-

76 688 78 692 ·
97 679 206 736 nores,
225 678 338 744 nempe
354 660 474 724 arsilla
489 677 550 740 qua
566 661 732 725 hominum
749 661 831 726 lacta
847 661 950 726 minus
964 660 1003 726 ad
1018 661 1149 727 liberam
1164 662 1222 728 ho-

97 751 226 814 minum
247 750 437 815 voluntatem
453 748 647 826 referuntur,
670 767 764 831 quam
781 751 820 814 ad
834 748 1067 833 progredientis
1090 756 1222 818 naturae

96 843 368 921 praeconceptam
379 837 610 914 necessitatem
628 855 822 922 paganorum
833 839 1009 906 latalismus
1024 839 1151 915 revixit,
1166 859 1222 908 ua·

97 929 166 992 tiva
179 928 303 993 soboles
314 926 519 1009 pantheismi.
529 928 617 993 inter
632 927 690 993 hos
698 929 850 994 Ioannem
859 927 1156 1011 BaptistamVicum
1165 949 1223 996 ae-
1258 933 1262 940 ’

97 1035 157 1098 gro
175 1017 285 1080 animo
297 1033 506 1080 recensemus.

193 1107 252 1172 Vl.
270 1106 307 1170 ln
324 1123 431 1186 opere,
448 1104 500 1169 cui
516 1103 768 1172 titulusScienao
783 1123 902 1183 abaco,
912 1105 1010 1172 Vicus
1023 1106 1059 1172 in
1073 1107 1176 1189 prima
1188 1114 1221 1174 et

98 1195 198 1261 tertia
213 1195 329 1278 prioris
344 1195 417 1258 libri
432 1193 587 1266 divisione
602 1195 912 1278 ponit:1.mundum
927 1197 1107 1262 menatem
1122 1215 1220 1262 essee

97 1285 181 1360 Deo,
202 1284 331 1366 eiusque
345 1283 405 1346 sibi
420 1282 586 1357 scientiam
602 1285 702 1350 Deum
719 1301 904 1361 reservasse;
918 1284 983 1363 sed,
999 1302 1071 1350 cum
1087 1285 1221 1352 societa-

98 1373 142 1438 tis
154 1377 268 1438 auctor
279 1373 321 1438 sit
334 1372 558 1446 homo,mundi
574 1374 698 1438 socialis
713 1374 879 1440 scientiam
891 1373 930 1438 ab
939 1373 1070 1441 bomine
1081 1374 1220 1441 obtineri

96 1480 201 1545 posse.
220 1464 255 1526 2.
273 1461 439 1530 societatis
454 1461 548 1526 initia
564 1461 609 1527 ita
624 1463 791 1543 contingit.
805 1465 881 1529 Post
896 1462 1060 1541 diluvium,
1075 1463 1222 1530 homines

100 1553 142 1615 ad
153 1551 332 1616 belluarum
344 1550 561 1616 conditionem
572 1550 699 1625 deiecti,
711 1553 833 1618 tonitru
848 1551 967 1627 deDei,
981 1550 1046 1616 sive
1061 1552 1143 1617 entis
1156 1551 1222 1617 ior-

99 1640 196 1705 tioris
212 1639 382 1706 existentia
399 1639 770 1715 admoniti-societatem
785 1641 940 1716 inierunt,
958 1639 1149 1722 gigantibus,
1166 1642 1221 1721 qui

98 1727 288 1793 validissimi
304 1733 407 1804 eraut,
426 1728 542 1793 collato
557 1729 705 1813 imperio.
724 1727 757 1794 3.
774 1730 883 1796 Novae
899 1745 973 1792 suae
988 1727 1140 1796 scientiae
1155 1747 1222 1794 me-

99 1817 235 1881 thodum
253 1816 504 1894 describerent
514 1837 547 1892 se
555 1817 689 1886 Bacenis
706 1819 837 1899 vestigia
847 1822 1044 1888 secuturum:
1062 1816 1217 1900 cogitare,

100 1907 220 1974 videre.
239 1906 289 1970 Ex
303 1905 383 1988 ipso,
395 1907 544 1990 capitatio
565 1913 612 1974 est
627 1907 801 1973 intellectio
816 1907 926 1972 mundi
941 1906 1063 1982 tricolim
1080 1907 1134 1988 qui
1151 1908 1222 1971 ani-

98 2014 154 2059 mo
165 1993 301 2060 insidet:
312 1995 401 2072 cisio,
413 2001 461 2060 cst
472 1995 641 2078 applicatio
653 1995 764 2061 mundi
777 1996 933 2060 ideallsad
942 1997 1093 2060 mundum
1105 1996 1222 2061 realem

96 2085 283 2148 historicum
295 2101 349 2148 sco
360 2083 516 2148 sommam.
526 2085 609 2150 Hinc
621 2085 735 2169 duplex
746 2085 892 2150 historia:
905 2084 1027 2163 illectis,
1041 2085 1151 2150 realis.
1164 2085 1222 2149 lli·

95 2173 202 2238 rectio
219 2177 325 2238 autem
340 2173 440 2254 logica
455 2173 631 2238 intellectus
653 2191 724 2238 eam
739 2173 943 2258 inquirentis,
962 2167 1009 2240 ait
1024 2175 1105 2256 ipse,
1126 2174 1222 2242 lrabet

95 2277 157 2345 pro
169 2262 296 2327 obiecto
312 2267 435 2327 motum
444 2262 630 2328 circularem
640 2263 786 2328 tristarier
798 2263 918 2341 ideotis,
933 2281 995 2346 quo
1007 2264 1138 2328 historic
1148 2282 1220 2328 rea-

96 2351 305 2426 tis,omnium
313 2353 457 2432 gentium
467 2351 592 2433 rapitur
599 2355 632 2416 et
640 2352 849 2417 concluditur.
857 2349 1048 2418 [alteritatis
1059 2353 1220 2418 criterium

95 2441 228 2522 reponit
242 2440 339 2506 Vicus
352 2441 388 2504 in
402 2458 494 2506 seusu
509 2440 710 2518 individuali,
727 2459 822 2524 quem
836 2444 993 2526 temperet
1007 2443 1055 2510 vel
1071 2443 1218 2507 emendet

95 2546 206 2594 seusus
223 2530 425 2595 aniversalis.

176 2689 218 2766 la)
232 2691 263 2749 ln
284 2691 385 2750 entium
399 2691 468 2752 serie
482 2693 702 2768 progressionem
720 2699 748 2754 et
761 2693 932 2768 gerarobiam
951 2695 1144 2768 conspicimus,
1164 2711 1219 2769 qua

98 2765 133 2823 ab
147 2766 390 2837 imperfectioribus
404 2770 437 2826 ad
451 2771 612 2840 perfectiora
625 2770 842 2829 conscendimus.
854 2772 965 2843 Verum,
980 2787 1044 2830 cum
1059 2771 1179 2842 liudonis
1190 2780 1218 2828 et

97 2843 236 2912 Cuvierio,
248 2859 380 2916 generum
393 2843 571 2904 dillerentiam
581 2853 609 2902 el
621 2845 862 2912 immutabilitatem
877 2847 1175 2922 propugnamusllino.
1189 2851 1215 2903 l.

99 2935 155 2974 non
175 2919 295 2990 existunt
313 2933 413 2992 genera
427 2920 473 2978 illa
486 2921 587 2979 medic
599 2937 614 2977 a
627 2921 746 2979 Βοιιιιιιῑο
760 2923 920 2995 excogitata,
942 2923 1039 2997 quibus
1052 2937 1154 2997 genera
1166 2938 1217 2994 ge·

99 2993 212 3051 naribus
225 2995 464 3054 commisceanturs
479 2997 558 3054 itaut
570 3013 656 3070 genus
670 2996 778 3070 aliquod
792 3000 826 3055 sit
841 2996 934 3069 planta
947 2999 1025 3056 simul
1040 3007 1068 3056 et
1082 2997 1214 3070 animans,

100 3068 215 3127 brutam
226 3073 352 3143 ethome,
361 3071 443 3128 veluti
452 3071 550 3130 anulus
561 3081 676 3146 utraque
687 3073 811 3146 iungens:
820 3075 895 3148 quasi
907 3073 982 3131 uulla
991 3088 1124 3148 generum
1135 3087 1216 3142 prae·

100 3146 155 3203 cisa
169 3145 308 3204 distinctio
320 3147 348 3202 in
362 3161 461 3221 magna
474 3155 627 3206 creatorum
641 3149 711 3206 serie
724 3164 740 3205 a
755 3156 852 3208 natura
866 3151 901 3206 sit
911 3151 1067 3210 constituta.
1081 3151 1110 3206 2.
1121 3149 1215 3220 quue

99 3223 202 3293 minus,
220 3237 254 3277 ex
269 3224 405 3280 communi
419 3223 509 3298 aliquo
521 3231 595 3300 typo,
615 3223 717 3281 entium
734 3225 768 3282 de
781 3241 882 3298 genere
901 3225 928 3281 in
941 3241 1028 3299 genus
1041 3223 1213 3297 immigratio.

100 3299 224 3354 Gratuita
237 3299 309 3354 euim
324 3299 444 3371 fingitur,
459 3305 583 3357 naturam
597 3315 645 3372 per
660 3303 815 3358 successiva
828 3301 985 3372 tentamina,
1002 3301 1150 3369 bominem,
1162 3315 1215 3371 pu·

100 3379 137 3442 ta,
159 3389 195 3428 ex
208 3374 364 3445 scarabaeo,
385 3375 419 3431 ad
433 3382 605 3446 praesentem
625 3383 726 3433 statum
741 3375 911 3451 perduxisse3
931 3374 974 3432 rel
988 3378 1078 3448 pisces
1098 3375 1215 3432 insieco

100 3446 258 3521 derelictos,
275 3451 391 3520 propriis
406 3449 546 3508 conatibus
561 3451 689 3521 pinnulas
702 3451 871 3524 excutiendo,
884 3451 990 3508 amissis
1000 3451 1050 3508 alis
1064 3457 1092 3509 el
1103 3451 1214 3523 plumis,

102 3522 126 3578 in
140 3539 206 3580 ares
220 3540 369 3584 couversos
382 3526 472 3582 luisse.
488 3527 565 3596 Quod
579 3528 671 3588 ridens
683 3528 835 3595 Cuuierius,
848 3527 970 3600 olorsan,
982 3527 1080 3602 aiebat,
1093 3527 1156 3584 mibi
1167 3542 1216 3584 ua·

101 3613 161 3654 sum
176 3601 327 3670 perfricare
340 3603 446 3659 conanti
460 3619 541 3660 nasus
555 3609 632 3660 ortus
645 3610 698 3664 est.
713 3625 725 3655 o
742 3604 768 3660 Si
781 3609 874 3660 autem
886 3609 963 3661 tanta
976 3609 1019 3660 est
1031 3609 1144 3660 naturae
1159 3603 1210 3673 vis,

101 3688 151 3730 cur
167 3677 242 3732 entia
262 3677 349 3734 omnia
362 3693 476 3750 quarum
490 3684 562 3734 extat
575 3680 715 3751 memoria,
736 3678 859 3736 eamdem
879 3678 1081 3736 immutabiliter
1095 3679 1215 3750 speciem

101 3755 129 3806 et
141 3751 256 3807 iormam
272 3751 405 3809 retinent?
422 3755 482 3810 Huc
501 3759 593 3810 tamen
607 3755 775 3812 convertitur
795 3754 938 3812 modernus
952 3755 1149 3826 pantheismus,
1165 3770 1215 3810 suo

102 3823 146 3881 illo
155 3833 226 3901 typo
237 3827 402 3903 exemplari
412 3835 567 3886 animatae
579 3835 744 3896 creationis,
754 3847 834 3904 quem
844 3829 950 3888 llerder
962 3830 1108 3887 edocuerat
1121 3829 1155 3886 ab
1165 3845 1215 3886 an·

102 3916 137 3956 uo
148 3903 503 3976 atat‚quomquecosil1us
514 3921 583 3962 auno
596 3907 717 3978 sequenti
727 3913 832 3981 typum
841 3910 1056 3979 aootamicum,
1065 3904 1109 3963 oet
1117 3920 1219 3963 eccm·

100 3976 172 4047 plor
184 3979 353 4036 universate
365 3979 558 4052 appellaverat.
574 3982 666 4039 linitas
679 3983 881 4054 compositionis
895 3997 983 4052 nuper
996 3981 1123 4054 iaGallia,
1134 3979 1216 4038 ecbo-

104 4052 144 4108 lae
157 4054 257 4112 ducem
272 4061 351 4111 nacta
367 4057 516 4126 astricum,
529 4059 572 4128 qui
584 4059 741 4131 ceteroquin
752 4059 854 4116 abelus
867 4058 1033 4116 abhorrebat
1045 4071 1217 4127 cousequen-

103 4129 158 4198 tiis,
173 4130 298 4206 Geoliroy
311 4129 512 4188 Salat-Hilaire.
527 4133 577 4188 Ast
590 4133 728 4190 Cuvierius
749 4135 910 4210 hypotheses
929 4134 963 4191 de
979 4148 1118 4206 uunquam
1132 4133 1217 4188 iuter·

102 4210 182 4272 rupta
195 4205 300 4260 entium
316 4207 502 4276 continuitate,
516 4212 544 4264 et
557 4207 591 4266 de
605 4209 805 4280 compositionis
818 4225 888 4282 quae
901 4210 963 4267 inde
976 4209 1035 4267 iluit
1049 4208 1162 4282 unitate,
1174 4205 1216 4264 ia·

102 4278 152 4334 ctis
162 4285 190 4334 ct
201 4281 347 4336 ratiociniis
358 4283 652 4356 expunxitl’ermagua
662 4286 719 4341 eius
730 4301 812 4356 opera
821 4293 849 4343 et
859 4290 997 4359 uunquam
1008 4286 1140 4357 peritura,
1152 4287 1216 4338 sunl

101 4352 157 4407 eius
167 4354 306 4429 Zootopto
319 4363 347 4412 el
361 4361 522 4415 oootomm
535 4365 724 4433 comparata:
736 4360 842 4435 quibus,
854 4362 951 4436 lloysis
962 4359 1084 4434 doctriua
1095 4360 1128 4416 de
1139 4373 1217 4414 crea·

101 4429 183 4501 tione,
197 4430 414 4490 luculentissime
433 4434 592 4492 vindicatur.
605 4436 669 4494 Vide
682 4437 711 4494 P.
724 4435 868 4509 Flourens,
884 4440 1039 4495 itacensis
1052 4435 1087 4494 da
1101 4435 1214 4491 Crrotm

102 4505 224 4562 iocosam
238 4513 331 4566 autem
340 4507 498 4566 animalium
509 4511 542 4568 de
553 4527 656 4584 genere
666 4513 790 4586 ingenus
800 4514 1026 4586 immigrationem
1038 4511 1096 4570 vide
1106 4506 1216 4568 iultail·

104 4577 149 4656 let,
166 4581 340 4656 Tetttamed,
354 4591 421 4644 lom.
441 4587 477 4663 ll,
493 4588 653 4660 praesertim
667 4604 695 4664 p·
716 4590 778 4665 1⁶⁶2
799 4587 860 4646 ¹⁶⁷·
928 4673 933 4682 ,
