3238 5282
563 319 808 372 rrronusxvru.
1146 299 1212 368 223

228 465 354 535 xxiii.
372 463 444 532 lluo
459 463 561 532 adbuc
574 466 782 532 subiicienda:
803 466 834 531 1.
854 465 949 532 Actio
962 467 994 529 ct
1011 465 1141 530 omissio
1152 466 1190 530 in
1201 484 1256 532 eo-

135 556 211 622 dem
225 574 342 639 genere
354 559 442 630 sant,
458 573 556 637 quum
567 556 607 622 de
615 557 732 622 damno
740 557 859 639 agitur3
871 555 905 620 2.
920 554 1101 620 omissionis
1112 555 1253 630 effectius,

8 677 14 722 ι
134 646 241 728 quoad
256 645 450 711 resarciendi
461 644 703 727 obligationem,
721 663 785 710 non
800 645 997 730 imputantur
1004 645 1034 708 ei
1045 644 1101 726 qui
1117 643 1183 708 sola
1198 645 1257 710 hu·

136 735 293 802 munitate
308 734 357 800 vel
373 733 542 809 charitate,
560 751 624 802 non
640 753 714 800 vero
730 734 888 800 iustitiam
905 733 954 799 vel
972 732 1076 798 ollicio
1100 733 1140 796 ad
1159 750 1257 815 agen-

135 823 214 888 dum
229 823 408 889 tenebatur.
419 822 530 904 ¹Quare
541 823 643 889 sisola
653 821 810 889 charitate
821 840 916 904 opem
927 822 1023 898 icrre,
1038 821 1188 897 clamare,
1201 822 1258 887 ob-

140 916 228 988 stare
240 913 289 978 vel
303 911 508 978 manifestare
516 917 657 988 tenetur,
670 912 698 976 si
709 912 743 978 id
754 929 818 976 non
829 915 967 995 praestet
977 928 1049 977 eum
1059 929 1122 974 non
1134 911 1258 976 incom-

140 1000 236 1066 mode
250 1001 362 1084 possit,
380 1000 571 1068 inhumanus
585 1001 636 1077 lit,
656 1019 721 1067 non
737 999 887 1066 iniustus.
904 999 1050 1066 Iustitiae
1067 1003 1175 1064 autern
1190 1001 1259 1066 oili·

138 1090 201 1155 ciis
212 1093 362 1157 tenentur
379 1089 464 1156 servi
478 1091 528 1157 uel
543 1089 598 1155 alii
614 1089 758 1155 mercede
772 1089 934 1164 conducti,
947 1092 1104 1171 parentes,
1121 1092 1255 1168 tutores,

139 1178 357 1260 magistratus,
374 1177 547 1262 principes:
564 1178 700 1261 quilibet
718 1177 872 1244 nimirum
882 1177 917 1242 in
936 1177 977 1243 iis
993 1194 1074 1260 quae
1086 1195 1177 1242 suum
1187 1195 1258 1261 spe·

136 1271 229 1334 ctam
243 1267 394 1344 cilicium,
415 1267 590 1356 eorumque
605 1281 669 1332 non
684 1271 810 1336 tantum
830 1265 964 1342 malitia,
982 1267 1036 1332 sed
1051 1266 1118 1348 ipsa
1133 1284 1259 1354 quoque

139 1355 337 1510 ppgligentia
353 1355 401 1422 vel
416 1355 600 1433 tolerantia,
616 1373 674 1442 pm
684 1355 804 1422 efficaci
819 1355 1007 1422 damnamur
1021 1372 1113 1422 causa
1128 1355 1259 1440 deputa-

185 1449 271 1510 ntur.

214 1551 217 1558 ’
233 1532 357 1600 xxiv.
376 1531 412 1600 si
427 1523 600 1618 praemissa
610 1529 781 1600 teneantur
791 1532 918 1616 quaeda
927 1531 1130 1614 obligationis
1141 1532 1256 1611 titulis,

138 1622 181 1688 (le
197 1623 397 1704 personabo
412 1624 539 1690 actione
553 1628 587 1690 et
600 1623 640 1688 de
656 1621 922 1706 participantibus
937 1621 1151 1705 exposuimus,
1169 1640 1259 1688 com·

1 1721 2 1724 ’
139 1712 231 1795 plura
252 1711 412 1777 solventur
430 1729 511 1797 quae
524 1712 715 1795 singillatim
730 1711 769 1776 de
784 1711 899 1777 damno
915 1710 1012 1776 allato
1033 1711 1172 1787 animae,
1189 1729 1260 1777 eor-

135 1800 242 1881 poris,
258 1800 379 1882 (omae,
396 1805 430 1867 et
443 1802 594 1884 satanae
605 1800 792 1866 afferuntur.
807 1800 930 1884 Ubique
940 1798 1051 1864 eadem
1062 1801 1124 1865 lex:
1137 1799 1259 1866 Iniuria

1 1909 2 1916 ¹
138 1888 295 1954 sarciatur
309 1889 349 1955 ad
364 1890 600 1973 aequalitatem
618 1889 785 1966 innocens,
802 1907 865 1972 quo
881 1889 953 1954 lieri
975 1893 1092 1974 potest,
1117 1894 1260 1956 servetur

0 1977 1 1982 ’
140 1976 315 2054 indemnis,
329 1979 418 2063 quusi
433 1979 552 2044 iniuria
564 1979 629 2044 lata
640 1976 826 2043 noniuerit.
840 1977 946 2059 Quum
957 1977 997 2044 (lc
1009 1976 1101 2044 bonis
1111 1978 1261 2044 fortunae

138 2066 263 2132 dictum
276 2065 332 2142 sit,
349 2067 389 2132 de
400 2067 532 2151 reliquis
540 2068 678 2144 animae,
692 2067 835 2151 oorporis
845 2073 879 2133 et
890 2067 994 2133 lamae
1005 2066 1109 2145 bonis,
1124 2067 1262 2132 nonnul-

1 2247 3 2258 γ
139 2156 172 2222 la
187 2155 306 2221 cursim
321 2155 527 2238 attingemus.

235 2243 343 2310 XXV.
359 2245 554 2311 Iniuriaru-
565 2243 771 2311 deterrimam
782 2245 892 2311 infert.
905 2243 938 2310 1.
952 2245 1006 2328 qui
1020 2243 1127 2311 allicio
1138 2244 1178 2308 ad
1188 2245 1261 2310 uai-

142 2349 233 2398 mum
246 2332 473 2416 perficiendum
486 2334 669 2410 obstrictus,
683 2351 748 2398 non
759 2334 898 2416 perlicit,
911 2338 947 2400 ut
956 2334 1104 2400 conducti
1112 2333 1260 2400 scientia·

140 2439 216 2496 rum
238 2422 396 2503 magistri,
411 2423 468 2508 qui
484 2423 834 2502 munus'gravissimum
848 2423 898 2489 vel
915 2422 1018 2505 gelide
1035 2424 1081 2489 vel
1101 2422 1260 2488 malitiose

141 2515 354 2593 exequuntur.
371 2512 405 2577 2.
420 2510 484 2592 Qui
499 2511 635 2578 aliorum
650 2516 774 2577 mentes
789 2528 807 2575 a
823 2511 971 2588 veritate,
988 2512 1125 2586 abaco
1140 2511 1259 2581 virtute

21 2623 26 2632 ·
143 2603 268 2674 avocat,
278 2599 427 2666 iuvenum
437 2600 637 2683 praesertim,
651 2602 706 2683 qui
718 2600 854 2667 subdolis
866 2600 1021 2668 doctrinis
1029 2601 1121 2666 facile
1133 2603 1257 2684 patent:

141 2687 220 2754 inde
231 2686 308 2753 mali
318 2687 420 2755 liliiet
430 2690 514 2756 cives
525 2689 670 2756 extituri.
679 2689 873 2768 Luctuosum
883 2689 1074 2754 iniuriarum
1086 2705 1262 2771 genusque

142 2777 179 2842 in
188 2776 334 2858 singulos
347 2783 507 2860 peccatur,
521 2777 557 2843 in
571 2777 720 2852 familias,
732 2779 766 2842 in
778 2778 954 2844 civitatem.
968 2779 1093 2860 Duplex
1107 2777 1154 2842 ibi
1169 2782 1261 2843 natu·

142 2865 222 2930 ralis
238 2866 433 2931 resarciendi
443 2866 611 2949 obligatio.
624 2866 695 2940 Illa,
715 2883 796 2949 quae
808 2883 914 2932 mores
929 2867 1073 2949 respicit,
1087 2883 1198 2932 omnes
1213 2870 1263 2931 te-

142 2959 273 3020 nentur:
290 2954 369 3019 ialsa
382 2954 708 3038 itaquededocebunt,
723 2957 758 3020 in
775 2955 853 3022 vitia
866 2973 945 3038 quos
956 2955 1157 3039 impulerint,
1171 2972 1262 3020 revo-

142 3042 273 3108 cabunt.
282 3043 406 3119 Altera,
419 3061 500 3127 quae
509 3047 630 3128 spectat
645 3045 759 3110 damna
775 3043 918 3129 physica,
933 3045 961 3108 si
976 3061 1057 3126 quae
1073 3043 1147 3108 inde
1157 3047 1262 3108 secuta

1 3125 2 3136 ’
62 3215 66 3222 Ι
142 3132 223 3209 sint,
240 3130 497 3217 iitenenturqui
512 3133 668 3200 exollicio
681 3137 863 3218 praeerant,
880 3132 1091 3217 velquidolo,
1112 3136 1214 3208 metu,
1231 3130 1264 3198 vi

142 3220 194 3286 usi
210 3220 342 3287 luerint.

235 3309 359 3376 xxvi.
373 3310 462 3376 lnter
477 3311 579 3376 animi·
594 3311 677 3376 bona
687 3329 785 3395 quum
797 3328 862 3376 non
875 3309 987 3378 ultima
998 3307 1148 3376 sitanimi
1160 3306 1262 3392 quies,

143 3398 316 3464 dolendum
332 3415 461 3480 prorsus
476 3400 594 3466 nullam
609 3400 676 3467 eius
691 3401 726 3466 in
746 3399 866 3482 legibus
880 3404 936 3466 aut
958 3397 1085 3465 iudiciis
1106 3397 1262 3462 rationem

144 3487 271 3553 baberi.
289 3487 481 3570 &emplum
495 3489 539 3555 sit
559 3489 594 3554 in
609 3489 755 3572 improba
771 3505 807 3554 ac
823 3488 1024 3571 dispendiosa
1050 3486 1119 3552 lite:
1135 3502 1197 3570 qua
1213 3484 1263 3550 in·

142 3594 263 3642 nocens
277 3576 401 3642 familia
419 3577 596 3644 alienetur.
614 3577 801 3660 Complures
815 3578 1004 3662 quandoque
1019 3593 1119 3641 annos
1135 3579 1264 3640 contre-

144 3665 254 3732 miscit
265 3666 507 3749 paterfamilias,
521 3666 639 3734 veritus
654 3667 795 3734 iudicum
806 3683 962 3743 errorem,
974 3665 1022 3733 vel
1035 3669 1179 3730 actorum
1190 3681 1263 3746 per-

145 3755 270 3830 lldiam,
288 3755 412 3837 quibus,
426 3774 487 3821 suo
500 3756 611 3821 babere
625 3757 732 3822 sidera
743 3756 812 3821 lites
825 3755 987 3822 dicuntur.
1005 3753 1103 3821 Causa
1115 3753 1177 3836 ipsi
1193 3757 1265 3818 tan·

147 3844 222 3909 dem
231 3843 598 3925 aliquandoaaliudicata,
613 3861 654 3911 en
665 3844 789 3928 aliquae
798 3845 861 3926 ipsi
870 3843 1017 3926 parvulae
1023 3841 1265 3925 impensaered·

147 3933 180 3998 di
197 3933 359 4008 iubentur,
376 3935 452 4017 quia
468 3933 501 3998 in
514 3933 621 4000 oculos
637 3934 817 4000 incurrunt.
840 3933 1077 4000 Discruciantes
1092 3929 1193 3998 ouini
1208 3947 1264 3994 an-

146 4039 254 4102 gores,
275 4027 447 4087 nocturnos
462 4023 654 4106 diurnosque
665 4028 782 4098 metus,
799 4023 854 4107 qui
869 4021 1034 4088 universae
1056 4020 1199 4086 familiae
1220 4017 1267 4084 ie·

147 4109 306 4176 licitatem
324 4111 511 4186 exederant,
533 4112 604 4194 quis
625 4113 823 4196 compenset?
838 4111 900 4179 Sed
916 4112 964 4177 ius
980 4111 1048 4186 liet,
1062 4109 1130 4174 Deo
1147 4107 1263 4173 iudice:

146 4199 232 4283 quod
247 4199 454 4267 meminerint
468 4200 603 4284 litigiosi
614 4200 810 4278 bomines‚et
820 4218 982 4267 causamm
996 4203 1200 4284 aucupatores
1210 4194 1263 4282 (o).

231 4358 274 4435 (a)
286 4361 405 4420 Natanli
419 4364 566 4439 aequitate,
586 4371 610 4423 1.
627 4378 724 4424 causas
737 4362 912 4436 probabiliter
925 4364 1022 4437 iustas,
1037 4362 1092 4419 sire
1108 4357 1198 4417 civiles
1212 4357 1267 4415 sire

147 4437 314 4510 criminales,
331 4437 513 4498 detendendae
526 4441 657 4515 suscipiet
667 4440 886 4498 iurisconsultus.
903 4437 1129 4510 approbabile
1144 4435 1209 4506 sint,
1225 4434 1267 4492 vel

147 4512 267 4572 difficilis
280 4513 380 4584 exitus,
397 4514 471 4572 licite
481 4525 610 4591 aguntur,
626 4517 659 4575 iis
672 4516 782 4591 quidam
793 4515 941 4574 rationibus
951 4514 1050 4589 quibus
1060 4508 1268 4596 luleiri'ridean·

147 4597 204 4664 tur,
216 4589 319 4645 monito
335 4596 428 4648 tameo
443 4591 554 4664 cliente,
570 4609 603 4650 ne
616 4607 798 4665 expensarum
812 4598 840 4647 et
854 4592 908 4649 litis
920 4589 1083 4649 amittendae
1094 4585 1216 4658 pericula
1227 4600 1269 4641 rn-
