3222 5282
465 441 751 520 rtrbbtts
799 446 889 524 VIH.

395 635 440 684 nu
461 634 607 686 muana
631 605 958 690 mansuetissimus.
976 681 980 688 .
1109 683 1115 700 ,

194 795 218 851 i.
233 795 289 852 Les
305 793 442 860 humanae
461 791 700 866 periectibilitatis.
715 795 752 853 ll.
766 795 808 854 tls
820 797 988 869 penitissima
1008 800 1108 856 natura
1126 802 1170 855 est
1182 797 1233 858 de·

110 869 274 927 scribenda.
291 868 339 925 111.
355 868 526 936 Quaestionis
539 869 657 943 lastigie:
670 871 894 942 perfectibiiitatis
907 871 1232 938 subtectum‚obtecttem

109 952 142 1002 et
155 937 325 1017 exemplar.
339 944 385 1002 tv.
402 945 569 1016 Progressus
581 946 703 1017 pertinet
714 945 750 1004 ad
766 961 923 1022 personsm3
937 949 969 1007 V.
986 962 1039 1005 non
1052 961 1118 1005 roro
1132 948 1167 1006 ad
1181 965 1231 1007 na·

107 1029 218 1077 turam.
233 1020 281 1078 vl.
295 1020 414 1077 Naturae
430 1019 502 1076 entis
515 1020 583 1077 finiti
597 1029 734 1094 repugnat
753 1037 919 1095 progressus
932 1023 1065 1080 intinitus.¹
1076 1023 1134 1081 vlt.
1149 1023 1230 1083 Solus

108 1097 198 1154 bomo
213 1093 401 1166 perfectibilis,
416 1099 511 1152 cetera
525 1096 583 1166 ipse
593 1097 745 1166 perficiens.
760 1099 833 1156 vill.
848 1097 1073 1158 Perlactibilitatis
1084 1098 1230 1160 muctam

106 1177 155 1228 est
168 1169 330 1244 spirituale
342 1168 386 1227 vel
399 1169 568 1228 sentencie.
580 1171 628 1228 lli.
641 1171 823 1233 llemriebbos
835 1179 943 1233 motum
954 1174 1130 1246 incrementis
1141 1188 1228 1246 regua

106 1247 288 1303 dilabuntur.
304 1245 338 1302 X.
354 1244 468 1302 Periclis
481 1260 591 1320 aevum,
605 1246 653 1303 xl.
667 1248 794 1322 augusti,
808 1249 908 1307 Leonis
922 1249 957 1323 X,
970 1253 1000 1308 ct
1013 1247 1140 1310 ludovici
1155 1249 1227 1308 xiv.

107 1322 173 1378 th.
191 1320 288 1379 llorsti
301 1319 397 1378 ordine
411 1320 553 1396 subverso,
568 1320 695 1394 politicus
707 1323 776 1382 ordo
789 1323 974 1388 subvertetur.
989 1323 1063 1382 xllt.
1078 1323 1229 1398 Exemplar

105 1397 286 1468 perfeetionis
307 1412 361 1452 non
374 1395 457 1453 babet
470 1395 549 1453 bomo
562 1412 578 1478 a
591 1397 692 1472 seipso,
707 1413 795 1473 neque
809 1400 836 1456 in
850 1400 950 1473 seipso.
966 1399 1037 1459 xlv.
1051 1398 1107 1458 sed
1119 1399 1181 1474 qois
1193 1399 1228 1459 ad

105 1471 198 1529 Deum
218 1468 365 1529 accessus?
378 1471 434 1529 XV.
449 1471 564 1549 Religi03
580 1471 647 1531 xvi.
670 1480 752 1546 atque
765 1475 825 1545 ipse
837 1475 921 1533 bens.
935 1473 1018 1534 xvii.
1033 1474 1166 1532 Periectio
1177 1490 1229 1534 aa·

106 1547 212 1604 turaiis
225 1554 255 1605 et
265 1545 494 1620 supernaturalis,
508 1547 587 1604 mmet
602 1548 763 1621 iungendos.
776 1549 872 1608 xvttt.
888 1552 930 1609 lta
941 1545 1070 1622 bumana,
1083 1547 1229 1626 divinaque

107 1623 325 1696 iurisprudentia
333 1619 493 1696 sociandos,
509 1637 563 1682 uon
575 1622 791 1684 contundendos.

202 1789 231 1852 l.
248 1785 409 1852 Creatoris
432 1786 494 1852 lex:
513 1807 531 1847 s
549 1785 700 1868 Crescite,
718 1792 752 1855 et
766 1786 1040 1870 multiplicamini,
1057 1792 1091 1855 et
1106 1789 1228 1872 replete

109 1882 247 1950 terram,
264 1880 299 1940 et
314 1867 461 1940 subiicile
476 1893 559 1953 mm,
576 1881 610 1943 et
624 1876 834 1942 dominemini
850 1877 893 1962 1);
913 1901 931 1942 s
947 1880 1090 1948 actuosae
1112 1879 1226 1960 animi,
1251 1874 1275 1953 i)
1292 1879 1378 1954 Gla,
1396 1875 1469 1952 hil·

104 1964 317 2046 corporisque
332 1963 425 2040 vires3
444 1963 532 2039 boni,
550 1965 679 2048 verique
694 1964 889 2048 adipiscendi
905 1965 1105 2048 inexplebilis
1115 1969 1224 2048 ardon

104 2052 279 2118 indefinita
294 2052 422 2129 iliaris,
440 2052 701 2134 quaesitientcm
724 2057 864 2142 animam
881 2071 1040 2138 nunquam
1063 2053 1226 2139 quiescere

102 2142 199 2216 sinit,
217 2141 295 2222 quin
312 2141 350 2205 ad
365 2140 440 2217 alie,
458 2146 553 2223 atqtm
566 2143 631 2206 alia
646 2160 771 2226 semper
784 2143 917 2226 aspirct3
934 2142 1136 2222 haecomnia
1151 2163 1226 2229 per-

103 2230 283 2296 fectibilem
299 2234 444 2295 naturam
456 2229 638 2297 ostendunt.
652 2232 755 2312 igitur
765 2230 1068 2316 perfectibititatem‚
1082 2233 1224 2301 eiusdem

102 2317 279 2384 actum'vel
294 2335 505 2400 progressum,
522 2323 558 2385 ut
572 2337 739 2386 commune
761 2320 825 2388 tert
840 2320 1036 2397 vocabulum,
1053 2323 1158 2405 quoad
1173 2321 1224 2388 oi·

104 2408 192 2482 boia,
204 2407 255 2471 vel
265 2406 374 2472 civiles
384 2406 577 2490 disciplinas,
594 2412 725 2474 naturae
733 2409 853 2490 legibus
862 2405 998 2475 libenter
1009 2421 1219 2478 accensemus.

197 2497 242 2560 ll.
261 2495 366 2575 Quum
381 2499 489 2561 mrtem
505 2495 554 2562 rei
568 2495 719 2580 cuiusque
731 2497 886 2581 perfectio
896 2502 1020 2564 constet
1034 2497 1221 2582 explicatio-

104 2603 147 2649 ne
159 2584 349 2650 iaouttatum
364 2588 398 2650 et
413 2584 529 2650 virium
544 2585 656 2668 quibus
671 2605 722 2652 res
736 2587 804 2669 ipsa
814 2588 925 2669 pollet;
940 2585 1021 2652 nibil
1031 2587 1071 2653 de
1081 2587 1219 2653 bumana

103 2673 368 2756 perfectibilitate
384 2673 491 2738 licebit
507 2674 633 2748 afferre,
650 2674 712 2740 nisi
728 2675 960 2758 penitissimam
974 2674 1114 2741 bominis
1129 2680 1221 2742 nalu-

103 2778 176 2827 ram
191 2766 391 2844 perspectam
406 2761 587 2828 habeamus.
604 2763 748 2828 Iamvero
762 2781 834 2829 cum
850 2763 1082 2847 praestantiora
1096 2763 1160 2829 mm
1171 2764 1222 2831 di·

102 2855 234 2932 sputata
248 2852 327 2926 siut,
342 2851 449 2933 paucis
464 2839 608 2926 adiectis,
625 2851 843 2934 quaestionem
859 2852 1086 2934 ingrediemurs
1100 2851 1220 2936 quaesi

105 2939 241 3003 alicuius
256 2945 325 3005 erat
336 2939 497 3004 momenti
508 2939 584 3004 dum
599 2939 635 3004 in
648 2939 829 3006 scholarum
841 2941 964 3024 ambitu
973 2941 1218 3024 disceptabatur,

105 3045 191 3093 nunc
198 3027 375 3111 prinoipem
386 3029 490 3092 locum
500 3032 601 3106 tenet,
612 3046 685 3094 cum
697 3027 731 3094 in
743 3028 792 3092 ius
798 3029 962 3110 publicum
973 3033 1006 3095 et
1016 3028 1133 3095 sociate
1143 3046 1222 3094 con·

107 3133 199 3182 versa
214 3116 289 3181 fuit.
306 3118 375 3182 Hoc
390 3115 486 3182 titulo
497 3120 617 3193 nostra,
635 3117 826 3200 insequenti
842 3117 946 3182 aliena
960 3134 1153 3202 promemus,
1168 3133 1220 3182 re-

106 3223 178 3268 rum
194 3204 323 3286 fastigia
337 3205 523 3286 deligentes.
589 3275 595 3286 ,

197 3293 257 3357 111.
276 3293 364 3373 Quae
379 3293 444 3358 trie
458 3297 544 3359 sunt:
560 3291 830 3376 periectibititatis
851 3293 1034 3369 commotam,
1050 3290 1211 3371 emesam,

105 3389 138 3448 et
150 3381 327 3462 ccemplcr.
438 3379 446 3390 '

197 3469 257 3536 tv.
275 3470 457 3537 Subiectum
473 3469 742 3552 perfectibilitatis
757 3487 821 3534 non
837 3474 886 3536 cst
902 3473 1026 3548 natura,
1044 3467 1100 3534 sed
1114 3484 1223 3550 perso-

108 3577 161 3624 ne.
180 3559 347 3639 Quoddam
363 3560 451 3624 enim
474 3558 667 3626 abstractum
681 3564 730 3626 est
745 3562 856 3624 natura
871 3557 1022 3623 hmanas
1039 3560 1222 3624 concretum

107 3666 195 3726 vero,
213 3648 281 3713 sive
294 3648 470 3715 subiectum
486 3663 593 3728 agens,
610 3649 708 3713 bomo
730 3663 803 3712 cum
816 3663 872 3712 sua
887 3645 1123 3729 personalitate,
1141 3661 1222 3728 quae

108 3753 170 3800 una
179 3741 240 3812 est,
250 3736 394 3816 indivisa,
405 3734 1018 3815 incommunicabilis,actionumsuarum
1028 3732 1222 3817 principium

110 3841 145 3890 ac
158 3826 301 3891 domina.
319 3828 440 3894 Natura
453 3824 581 3908 quidem
597 3825 783 3898 commanis,
800 3823 854 3888 sed
870 3822 1042 3904 proiectus,
1058 3821 1107 3887 uti
1121 3822 1221 3886 solio-

108 3931 176 3990 nes,
193 3917 267 3978 sunt
282 3915 491 3998 singulorum.
504 3911 593 3994 Quae
604 3917 712 3982 autem
726 3911 920 3978 videnlurin
931 3910 1072 3976 meditrm
1082 3908 1219 3992 prolata,

110 4004 157 4068 uti
173 4002 381 4070 scientiarum
392 4003 440 4070 vet
452 4004 569 4068 artium
579 4003 774 4068 accessiones
786 4003 820 4065 et
833 4000 1041 4078 incrementa,
1051 4015 1070 4064 a
1081 3996 1225 4080 personis

110 4091 362 4172 proficiscuntur,
381 4109 483 4176 neque
498 4091 574 4158 alias
589 4108 740 4174 personas
755 4087 961 4172 attingerent,
976 4088 1037 4153 nisi
1052 4084 1224 4152 baeaotive

110 4179 147 4244 de
162 4179 203 4246 iis
219 4182 426 4266 participent.
1175 4195 1179 4202 '

197 4269 241 4336 V.
259 4269 346 4354 Ergo
361 4287 544 4354 progressus
559 4274 691 4340 naturae
712 4264 896 4340 universalis
907 4283 975 4330 uon
989 4261 1110 4343 existit,
1128 4277 1225 4346 quum

110 4357 290 4426 intellectus
308 4360 355 4428 vel
372 4360 514 4426 voluntas
528 4357 714 4426 universalis
730 4375 795 4424 non
810 4354 960 4424 existant.
976 4352 1098 4420 Natura
1114 4355 1161 4417 est
1176 4350 1226 4413 at·

109 4466 168 4528 que
181 4449 248 4513 erit
262 4467 360 4533 usque
374 4450 413 4515 ad
427 4449 537 4524 baem,
551 4447 652 4531 qualis
665 4445 917 4513 substantialiter
927 4442 991 4508 tuit
1000 4441 1040 4507 ab
1052 4439 1160 4506 initio:
1174 4452 1225 4500 ra·

110 4537 249 4613 tinnulis,
263 4555 418 4622 corporea
434 4543 467 4605 et
482 4536 652 4614 sensibilis,
669 4537 709 4603 ad
723 4535 906 4602 societatem
929 4531 1069 4605 condita,
1087 4527 1225 4594 laturam
