3238 5282
16 1183 20 1201 .
146 1147 170 1188 ι,
190 1133 217 1186 l.
391 1097 560 1196 prurientia
576 1109 637 1178 qua

412 313 478 388 224
852 293 995 349 1111111111.
1098 336 1103 342 .

462 466 601 544 xxvii.
618 461 665 531 Da
680 454 773 524 bonis
787 445 939 529 corporis,
963 457 1027 542 333
1041 433 1230 540 inficiemur,
1248 427 1357 534 damni
1376 447 1495 538 pereq-

379 567 473 642 nalis,
491 563 586 632 vitae,
601 547 782 620 cicatricum
795 545 849 605 aut
859 531 1080 600 delormvtatrs,
1092 523 1209 586 nullam
1222 527 1382 584 rotronem
1395 521 1495 586 13333.

380 667 444 730 tarn
460 671 527 720 csse
543 650 610 714 iura
622 652 765 709 romano,
776 629 1018 733 quiaexeorum
1029 613 1215 718 pmdentum
1226 611 1432 712 sententie«
1448 612 1493 675 li-

158 759 360 852 ttt..ult.li,ttlr.
381 751 491 818 barum
508 725 755 838 corpus-nuliam
769 719 886 799 recipit
900 711 1167 852 3333333333331318
1163 697 1491 854 ιιξπέιιξιὲἓὶᾙῦιῗ.

137 863 165 924 a,
181 861 202 914 t.
220 855 246 912 a.
385 857 458 909 men
474 825 648 916 praevaluit
662 836 690 882 s.
705 814 845 880 Tbomae
859 802 1117 869 333133331333
1441 809 1456 854 3

420 929 443 994 l·
463 943 480 984 3
500 923 536 988 13
575 913 665 978 311333
680 921 743 969 nou
759 899 863 984 potest
886 880 1114 966 recompensari
1129 877 1333 980 3333331333,
1357 893 1489 943 reeom-

319 1037 353 1094 Μ
386 949 538 1084 Ὗθῇδθως
549 937 632 1089 guod
644 992 788 1082 possibile
798 991 844 1049 est
855 980 897 1059 2).
913 974 995 1037 »illa
1008 972 1238 1070 itaquevetens
1249 985 1325 1030 runs
1337 985 1402 1031 non
1415 973 1486 1072 tam

163 1053 188 1122 m
203 1049 237 1122 η’
248 1043 313 1118 Μ’
361 1077 368 1108 ’
390 1041 399 1106 Ι
638 1107 671 1154 ιιι
684 1077 852 1149 subtilitate
863 1062 1013 1131 obsoleta,
1030 1057 1232 1136 aequioribus
1244 1073 1323 1120 nunc
1338 1071 1398 1136 par
1412 1075 1488 1120 uur-

528 1187 543 1253 (
608 1181 757 1254 mm
769 1157 881 1236 legibus
892 1151 945 1211 aut
955 1145 1245 1220 consuetudinibus,
1259 1146 1341 1209 nulla
1349 1151 1398 1210 est
1409 1165 1487 1227 pro-

393 1207 513 1268 imm
540 1203 599 1292 ⁰5⁸.
641 1269 649 1282 ·
690 1267 764 1336 quae
779 1259 839 1307 333
852 1234 983 1318 pecunia
996 1235 1204 1316 transigatur.
1217 1235 1356 1302 Naturali
1368 1235 1487 1319 quippe

394 1305 434 1396 ΡΘ
449 1289 542 1386 “⁰3¹
555 1282 738 1434 [mm
748 1335 806 1402 est,
821 1331 855 1390 ut
866 1340 961 1407 quem
972 1340 1037 1388 uuo
1050 1322 1256 1389 iucunditatis
1265 1341 1379 1404 genere
1390 1325 1486 1389 orba-

397 1375 572 1522 'ntigntffi
580 1442 728 1513 Mars.
745 1417 825 1482 Hinc
840 1414 1045 1495 praeceperat
1057 1413 1196 1495 Moyses,
1208 1413 1487 1494 utquicumqueo-

398 1477 526 1536 Μ’
573 1531 688 1600 „pem
701 1503 781 1570 servi
792 1502 989 1572 excussisset,
1007 1517 1082 1564 eum
1099 1501 1246 1567 libertate
1257 1503 1387 1566 donaret
1399 1500 1444 1587 3).
1465 1527 1483 1566 3

507 1639 514 1652 .
572 1617 696 1700 ‹00un
713 1597 745 1656 et
760 1590 928 1656 imminuta
944 1589 1010 1654 oris
1026 1596 1184 1665 venustas,
1202 1591 1236 1654 in
1252 1591 1487 1674 muliereprae-

418 1691 428 1716 ¹
468 1735 474 1748 .
529 1680 948 1778 ,gramationemaeoipiuut
1453 1689 1457 1698 ’

400 1743 615 1880 mugitui.
630 1775 748 1840 Damna
760 1769 866 1853 itaque
877 1768 983 1834 omnia
992 1768 1218 1847 personultuet
1231 1768 1490 1851 roaliocompen-
1509 1827 1512 1830 .

459 1909 466 1926 .
490 1857 602 1961 „quus
615 1860 734 1928 occisor
749 1859 798 1922 vel
814 1858 993 1935 mutilatur,
1006 1857 1069 1937 ipsi
1082 1857 1188 1922 occiso
1200 1863 1253 1922 aut
1264 1858 1419 1931 mutilato,
1430 1876 1490 1940 pa-

401 1913 537 2070 ffffi
548 1952 649 2026 uxori,
657 1945 777 2022 liberie
790 1952 888 2029 utque
900 1946 1061 2010 nonnuliis
1072 1946 1188 2028 piacet,
1201 1947 1408 2012 creditoribus
1419 1948 1491 2032 qui-

462 2053 570 2132 3131133
581 2037 711 2108 vivendo
723 2035 935 2100 satisfecisset.
950 2034 1041 2113 Quod
1053 2051 1093 2098 ax
1104 2036 1200 2099 occisi
1210 2041 1322 2110 aetate,
1335 2037 1419 2101 vitae
1437 2039 1490 2100 in-

401 2095 511 2228 Ἕω,
522 2124 1048 2216 1333313,1331331313,ι13313311313,
1059 2124 1490 2191 eritconstituendum.llaeo

395 2183 493 2320 {epm
502 2241 571 2292 cum
586 2219 624 2281 de
639 2230 833 2298 quacumque
848 2212 957 2294 iniqua
969 2211 1128 2276 occisione
1144 2215 1493 2298 33333131,3133ο333-

394 2303 738 2420 “omniintelligentia
749 2303 804 2382 qui
816 2302 855 2365 ad
868 2301 1006 2365 duellum
1018 2304 1249 2382 provocaverit,
1263 2308 1295 2367 et
1306 2304 1491 2387 minusqui-

391 2402 530 2490 maed
542 2393 755 2478 deipsoetiam
769 2395 939 2472 provocato
947 2390 974 2453 si
984 2395 1209 2477 provocantem
1223 2392 1385 2458 occiderit:
1405 2393 1492 2456 iniu-

390 2493 527 2574 333313
541 2491 672 2564 uterque
683 2481 871 2544 (1333333331
887 2485 1046 2553 causaest,
1060 2496 1140 2560 quae
1151 2479 1225 2544 inde
1237 2481 1270 2544 in
1286 2482 1382 2547 occisi
1398 2482 1494 2546 iami-

390 2595 461 2660 11333
473 2579 558 2644 illata
573 2571 707 2636 luerint.
875 2581 879 2584 ·

469 2661 593 2733 XXIX:
611 2658 726 2725 Civiles
741 2655 899 2734 homines,
915 2656 1010 2721 aliam
1026 2656 1123 2723 veluti
1137 2657 1246 2731 vitam,
1259 2660 1381 2741 [333333
1396 2659 1495 2724 aesti-

384 2771 513 2830 mmus.
530 2751 634 2830 Quam
649 2765 713 2811 non
728 2746 821 2811 modo
836 2747 1061 2821 scelestissimi,
1076 2747 1129 2812 sed
1147 2765 1209 2810 non
1221 2748 1312 2830 pauci
1324 2749 1424 2829 quise
1436 2749 1496 2812 bo-

385 2841 575 2914 nestissimos
591 2841 718 2920 putant,
736 2835 956 2900 inhumaniter
970 2840 1003 2899 et
1020 2835 1161 2901 ludentes
1176 2837 1367 2919 discerpunt.
1378 2839 1491 2910 Forte,

382 2931 453 3018 quia
467 2929 529 2994 vita
540 2925 618 2990 haec
633 2923 826 2990 nobilissima
840 2942 900 3008 333
912 2923 945 2987 13
958 2923 1093 2988 aliorum
1105 2925 1326 2989 aestimatione
1341 2925 1491 3001 vivimus,

381 3022 448 3086 3133
464 3015 625 3096 sanguinis
642 3013 794 3094 effusione
817 3014 1039 3078 obtruncatur?
1054 3012 1284 3080 Gravissimum
1300 3018 1408 3079 tamen
1424 3033 1492 3080 soe-

379 3110 439 3178 lus,
456 3123 567 3168 eorum
579 3103 765 3186 praesertim
777 3103 830 3184 qui
851 3119 909 3182 per
927 3102 1118 3166 calumniam
1134 3101 1248 3166 falsum
1262 3103 1384 3166 crimen
1401 3105 1493 3168 allin-

298 3213 356 3280 333.
380 3199 470 3276 gunt.
488 3195 553 3258 llos
569 3193 657 3257 valde
673 3193 839 3256 verebatur
854 3191 1003 3255 Salomon
1019 3188 1064 3275 l);
1085 3215 1102 3252 3
1116 3191 1165 3254 1313
1180 3209 1260 3274 peue
1276 3209 1422 3276 oppressa
1433 3193 1493 3259 Su-

316 3305 357 3365 33,
380 3300 476 3348 33333
490 3281 590 3367 531313
605 3282 665 3346 Dei
676 3281 777 3346 Filius
789 3280 822 3343 in
837 3297 963 3346 crucem
975 3285 1075 3355 actus;
1089 3280 1139 3344 his
1151 3279 1264 3362 optimi
1277 3280 1343 3343 iere
1358 3282 1489 3364 quique,

381 3372 530 3454 loquendi
553 3370 773 3452 scribendique
793 3369 922 3434 licentia
939 3371 1042 3434 vexati
1057 3387 1093 3434 ac
1109 3370 1269 3449 proscissi.
1287 3369 1491 3436 vilissimum

380 3460 645 3524 calumniatorum
662 3476 759 3538 genus
775 3458 925 3541 Aegyptii
938 3459 1044 3540 lingua
1057 3458 1255 3531 minuebant,
1270 3458 1385 3525 Graeci
1398 3461 1493 3525 talio-

383 3546 432 3611 nis
446 3564 548 3629 poena
564 3547 796 3628 plectebantur,
809 3548 947 3614 Romani
961 3547 1207 3612 candentilerro
1222 3547 1256 3610 in
1269 3547 1376 3612 ironte
1388 3549 1494 3631 signa-

382 3637 471 3714 bant.
489 3635 560 3699 lmo
572 3636 731 3717 famosum
742 3637 880 3701 libellum
890 3635 1056 3729 (scriptum
1064 3635 1103 3699 ad
1115 3637 1245 3701 alterius
1253 3636 1494 3722 contumeliam)

382 3723 539 3788 conticere
556 3723 603 3788 vel
619 3723 950 3806 divulgare-civilium
962 3727 1066 3807 legum
1083 3724 1199 3790 latores
1215 3725 1350 3807 capitale
1362 3744 1430 3792 esse
1441 3746 1496 3792 vo-

384 3814 522 3877 luerunt:
539 3835 556 3874 3
570 3813 707 3880 Nostrae
718 3814 885 3880 duodecim
893 3816 1041 3890 Tabulae,
1056 3813 1102 3879 ait
1114 3813 1239 3890 Cicero,
1253 3823 1349 3898 quum
1361 3833 1496 3898 perpau-

384 3917 435 3965 cas
450 3919 501 3966 res
516 3902 620 3984 capite
634 3903 809 3970 sanxissent
821 3905 854 3970 13
865 3904 915 3970 his
926 3902 1143 3988 huncquoque
1153 3904 1355 3970 sanciendam
1364 3908 1495 3986 putave-

174 3281 185 3328 ι
207 3233 309 3330 gell,

173 3377 186 3418 5
204 3317 311 3408 mpii

386 4075 460 4132 seius
474 4077 603 4136 incurrat.
621 4082 649 4136 3.
666 4081 783 4140 iniustas
797 4083 823 4140 in
837 4098 866 4140 33
882 4082 952 4139 313111
966 4089 1126 4140 constanter
1140 4081 1254 4151 reiiciet,
1270 4095 1350 4137 secus
1363 4080 1456 4138 3113311
1472 4083 1494 4138 1·

386 4155 523 4226 gnorunti,
534 4161 563 4212 et
576 4153 734 4215 adversario
749 4159 885 4217 innocenti
899 4157 1000 4216 damna
1016 4161 1128 4216 relioiet.
1145 4159 1172 4214 4.
1189 4159 1335 4224 accusato,
1352 4157 1377 4212 in
1393 4171 1424 4214 33
1439 4160 1493 4214 eri·

388 4227 491 4303 minati,
503 4245 584 4302 quem
599 4246 675 4290 reum
690 4236 773 4307 novit,
789 4235 862 4292 hisce
877 4240 986 4291 tautum
1000 4233 1197 4293 conditionibus
1212 4248 1292 4303 opem
1309 4231 1391 4288 leret:
1414 4234 1436 4289 si
1450 4233 1493 4290 ille

388 4305 477 4362 civilia
488 4312 596 4376 reparet
609 4307 709 4366 damno
721 4326 792 4384 quae
804 4311 910 4368 crimen
924 4317 1017 4367 secuta
1032 4317 1106 4381 runt3
1118 4311 1140 4366 si
1155 4309 1303 4380 patrocinio
1315 4323 1369 4363 non
1381 4309 1417 4364 sit
1427 4309 1495 4366 obu-

389 4395 472 4437 surus
485 4379 510 4437 iu
525 4388 677 4454 posterum
690 4387 712 4442 si
727 4387 784 4457 ipse
799 4387 844 4460 qui
859 4400 971 4444 oausam
985 4385 1062 4459 dicit,
1080 4387 1151 4458 parti
1165 4385 1307 4453 adversae,
1322 4382 1363 4440 vel
1378 4399 1496 4442 accusa·

390 4456 506 4528 toribus,
522 4457 565 4514 vel
580 4459 694 4516 testibus
705 4478 755 4520 neo
766 4463 892 4521 iniuriam
906 4477 958 4518 neo
976 4463 1074 4520 damna
1090 4461 1198 4531 inierat,
1215 4459 1262 4518 sad
1277 4459 1360 4516 allata
1373 4461 1495 4520 oriminis

392 4541 551 4604 argumenta
561 4534 696 4606 expendat
709 4545 790 4611 etque
800 4540 928 4610 infirmet,
944 4545 1049 4594 servato
1062 4539 1157 4596 ordine
1170 4537 1244 4594 iuris.
