3222 5282
569 330 702 382 strutus
717 331 762 380 lv.
1137 316 1179 384 33

104 475 234 540 animae
250 476 351 543 voluit
366 475 604 542 serraravitam
621 476 662 562 1).
683 501 700 540 u
718 477 788 545 Stat
804 478 903 561 igitur
921 481 1015 556 actio,
1033 479 1084 546 cui
1101 486 1224 548 tantum
1261 533 1264 539 .
1289 488 1311 559 ll
1330 492 1369 545 De
1385 491 1469 544 Grac

106 564 303 639 subtrahitur
316 567 356 632 de
371 564 563 641 moralitate,
580 571 734 648 quantum
749 568 837 635 deest
850 570 889 633 de
905 568 1060 636 libertate.
1246 569 1272 619 cl
1296 563 1359 620 Lib·
1387 563 1469 630 nro,

181 655 256 719 Vll.
268 657 316 720 Ex
331 656 430 719 altera
447 655 575 718 canonis
588 661 690 736 parte,
702 656 902 722 uoluntarius
921 659 1058 722 :utitatis
1073 659 1220 740 defectus,
1245 653 1305 709 ⁰⁰¹*-
1319 639 1379 708 x¹¹=
1390 641 1468 692 ⁰³⁸·

105 761 171 807 non
188 743 293 809 aulert
308 743 435 825 penitus
449 743 676 814 moralitatem.
701 744 753 811 Sic
768 747 822 827 qui
838 745 977 828 allectat:
996 747 1145 828 ignorare
1159 748 1226 812 uult

104 836 141 896 ut
156 831 240 895 male
255 838 338 912 agat,
350 833 448 897 etiam
464 833 565 913 legem
581 833 741 914 ignorans,
752 839 852 899 totam
870 835 1006 901 incurrit
1022 843 1107 901 actus
1122 854 1225 900 mora-

106 921 242 995 litatem:
260 921 418 985 minorem
434 925 553 996 tamen,
570 921 625 1003 qui
637 922 764 1003 ignorat
778 923 970 1004 simpliciter,
984 930 1017 990 et
1027 924 1155 1008 quidem
1167 942 1224 1007 pro

105 1008 319 1089 negligentiae
334 1009 526 1091 quantitate.

195 1097 286 1172 Vlll.
305 1098 413 1164 Canon
428 1098 592 1163 secundus:
606 1097 799 1164 Morolttotta
813 1099 964 1166 :tenuato
976 1109 1049 1166 sunt
1060 1101 1221 1179 obiectum,

103 1186 179 1267 finio
194 1195 223 1249 et
239 1187 505 1252 circumtantia.
1134 1265 1138 1272 ,

193 1275 253 1340 ΙΧ.
265 1273 471 1340 toilonum.
479 1275 713 1341 Namvoluntas
724 1294 781 1359 per
792 1278 925 1343 liberam
937 1279 1163 1362 appetitionem
1177 1284 1225 1344 at-

103 1381 168 1444 que
183 1363 382 1438 electionem,
398 1363 521 1428 obiecta
536 1365 617 1428 bona
632 1365 682 1430 vel
697 1365 781 1430 mala
795 1367 884 1449 quasi
900 1368 939 1432 ad
954 1386 988 1433 se
1003 1367 1149 1444 attrahit,
1168 1369 1225 1432 iis-

102 1468 166 1533 que
181 1451 408 1531 adglutinatur.
426 1451 517 1518 Unde
532 1453 739 1534 Augustinus:
759 1475 776 1514 «
794 1457 880 1520 Talis
900 1461 948 1522 est
962 1457 1106 1540 quisque,
1123 1456 1224 1538 qualis

102 1540 172 1604 eins
187 1541 316 1605 dilectio
330 1546 389 1606 est.
408 1544 538 1606 Terram
553 1541 675 1624 diligis?
689 1545 786 1608 Terra
802 1545 876 1610 eris.
895 1545 997 1609 Deum
1009 1545 1133 1626 diligis?
1141 1545 1224 1625 Quid

101 1629 224 1694 dicam?
235 1629 318 1694 Deus
329 1629 407 1694 erist
417 1630 491 1696 Non
502 1630 601 1695 audeo
612 1631 718 1695 dicere
730 1649 770 1696 ex
784 1649 848 1698 me.
862 1633 1037 1717 Scripturas
1045 1633 1223 1697 audiamus:

101 1717 175 1800 Epo
189 1719 272 1796 dici,
290 1719 336 1784 dii
351 1719 435 1792 eatis,
449 1727 477 1782 et
491 1719 549 1802 filii
559 1718 713 1783 ditissimi
729 1737 836 1785 omues
854 1721 922 1805 2).»
939 1723 1039 1787 insita
1054 1721 1155 1804 igitur
1170 1721 1227 1786 ob-
1250 1798 1256 1812 ,
1281 1719 1306 1791 2l
1326 1721 1424 1812 TW!-
1442 1725 1476 1776 11

102 1806 188 1872 lecto
204 1807 371 1891 concupito
387 1807 514 1873 bonitas
536 1813 591 1875 aut
606 1808 756 1890 pravitas,
775 1811 810 1874 in
825 1811 1067 1894 concupientem
1087 1811 1225 1874 animum
1246 1814 1285 1926 ἕξ,
1293 1796 1408 1926 {dlis-4¹
1426 1800 1471 1851 1⁰·

102 1895 257 1961 illabitur.
1292 1912 1297 1923 ·
1338 1910 1343 1923 ·
1401 1914 1406 1926 ·

193 1987 238 2050 X.
256 1985 289 2048 2.
309 1983 412 2048 Finis.
437 1983 544 2050 Hicin
560 1986 707 2051 humanis
728 1985 849 2052 actibus
865 1988 957 2054 latius
980 1988 1175 2062 dominatur,
1193 1991 1226 2053 et

100 2072 193 2155 quasi
211 2073 425 2155 principatum
444 2073 551 2138 habet.
574 2074 795 2157 Quaecumque
816 2077 902 2140 enim
923 2078 988 2142 sint
1010 2077 1126 2142 obiecti
1150 2095 1227 2161 qua·

100 2159 224 2236 litatus,
241 2168 331 2227 extra
345 2180 404 2226 nos
423 2167 508 2237 sunt,
526 2164 668 2246 quamvis
683 2165 757 2231 dum
774 2164 852 2229 illud
867 2183 974 2230 amare
993 2166 1175 2249 incipimus,
1193 2167 1223 2229 ei

100 2250 225 2314 similes
241 2252 424 2316 efficiamur.
438 2250 528 2316 Finis
542 2269 617 2316 vero
631 2269 672 2316 ex
682 2253 881 2335 penitissima
897 2257 1019 2337 agentis
1031 2255 1135 2318 anima
1149 2273 1224 2335 pro-

99 2339 269 2415 ficiscitur,
280 2344 441 2422 totamque
456 2340 608 2421 exprimit
623 2342 690 2406 eius
706 2343 862 2407 malitiam
875 2346 922 2409 vel
935 2344 1123 2408 bonitatem.
1132 2343 1221 2409 Nibil

99 2429 221 2492 mirum
237 2429 346 2510 igitur,
364 2430 440 2493 siin
456 2429 548 2493 rebus
563 2447 696 2514 quamm
711 2431 894 2497 indifferens
908 2437 956 2497 est
968 2433 1140 2506 obiectum,
1154 2436 1222 2496 tota

98 2523 188 2584 aetus
203 2519 367 2584 moralitas
382 2537 422 2584 ex
436 2517 500 2581 line
516 2525 548 2583 et
563 2520 812 2585 circumstantiis
827 2521 990 2586 coalescat.
1008 2521 1060 2588 Sic
1076 2522 1222 2585 deambu-

98 2607 191 2681 latio,
209 2608 236 2670 si
253 2607 441 2672 valetudinis
454 2623 545 2672 causa
561 2615 756 2682 exerceatur,
776 2609 856 2674 bona
873 2611 947 2684 erit:
965 2609 992 2672 si
1008 2611 1046 2673 ad
1058 2610 1222 2674 struendas

97 2695 232 2759 inimico
248 2696 391 2770 insidias,
409 2697 502 2760 mala.
520 2700 565 2762 m
580 2715 660 2780 quae
675 2717 715 2762 ex
724 2698 855 2762 obiecto
871 2700 952 2762 mala
968 2703 1052 2773 sunt,
1070 2698 1222 2783 quidquid

96 2785 223 2867 politici
232 2785 391 2860 effutiant,
400 2785 485 2849 nullo
494 2784 627 2862 honesto
640 2789 702 2852 line
714 2787 914 2852 cohonestari
921 2793 1064 2868 possunt:
1078 2805 1174 2870 quum
1186 2787 1224 2850 ll·
1249 2803 1252 2810 ’

98 2873 149 2937 nis
165 2891 231 2936 non
247 2879 336 2939 tanta
350 2876 394 2939 sit
408 2872 466 2948 vis,
484 2879 520 2938 ut
535 2875 657 2940 obiecta
679 2893 738 2956 pcr
753 2894 786 2939 se
801 2876 884 2939 mala
899 2877 1014 2940 elliciet
1036 2876 1130 2939 bona.
1146 2878 1223 2940 Per-

98 2962 220 3026 iurium
242 2962 318 3037 erit,
336 2963 395 3028 etsi
411 2962 444 3026 in
461 2962 594 3027 salutem
618 2957 797 3028 innocentis
820 2964 988 3045 dirigatur.
1013 2963 1101 3043 Quae
1116 2969 1222 3029 autem

95 3069 136 3114 ex
150 3050 278 3116 obiecto
295 3053 374 3116 bona
389 3056 474 3126 sunt,
487 3069 527 3115 ex
542 3052 605 3116 line
621 3053 704 3116 bono
720 3053 802 3116 liunt
816 3054 964 3127 meliora,
978 3071 1018 3116 ex
1029 3053 1112 3116 malo
1124 3054 1219 3117 mala.

97 3139 149 3205 Sic
165 3140 322 3205 tributum
337 3140 466 3223 pauperi
487 3140 660 3206 subsidium
682 3142 721 3204 ad
740 3140 832 3204 illum
859 3159 876 3204 a
900 3141 1078 3205 latrociniis
1100 3146 1132 3205 et
1153 3158 1224 3205 cac-

95 3227 187 3294 dibus
204 3231 427 3303 revocandum,
444 3235 578 3313 utroque
594 3248 635 3294 ex
648 3230 754 3311 capite
769 3229 938 3312 optimum:
953 3230 992 3292 ad
1006 3229 1163 3309 largitatis
1175 3229 1224 3293 la-

96 3335 182 3382 mam
199 3321 428 3399 aucupandam,
445 3320 494 3382 vel
509 3319 591 3401 quod
607 3320 709 3401 peius,
728 3319 766 3382 ad
782 3335 953 3400 pauperem
968 3318 1002 3381 in
1019 3317 1128 3398 iniqua
1144 3317 1222 3381 laci-

96 3424 176 3470 nora
192 3407 429 3488 pelliciendum,
447 3413 539 3489 turpe
554 3412 587 3472 et
602 3407 758 3492 iniquum.
775 3407 845 3471 lmo
862 3407 946 3472 actio
961 3407 1089 3491 quaevis
1104 3425 1143 3471 ex
1154 3423 1223 3471 ma·

97 3495 126 3559 lc
143 3495 223 3570 line,
240 3496 342 3561 adhuc
356 3497 437 3561 mala
454 3497 529 3570 erit,
552 3497 626 3561 licet
642 3497 726 3561 torte
749 3496 783 3559 in
800 3497 917 3562 bonum
936 3497 1059 3560 exitum
1073 3496 1219 3561 evaserit.

93 3584 190 3664 Quod
206 3585 349 3650 Pheraeo
363 3586 469 3651 Iasoni
484 3585 654 3666 contigisse
670 3590 779 3650 narrat
794 3585 939 3650 Valerius
954 3585 1124 3651 Maximus:
1149 3603 1222 3649 cum

94 3675 183 3738 enim
192 3673 549 3756 quidamlasonisexitii
561 3675 704 3757 cupidus,
714 3691 786 3739 eum
796 3673 881 3739 inter
892 3673 1024 3739 insidias
1036 3674 1222 3756 gladioper-

94 3763 258 3838 cussisset,
274 3783 291 3824 o
306 3765 461 3842 uomicam
476 3779 569 3846 quae,
587 3780 604 3826 a
621 3763 917 3829 nullo'medicorum
940 3763 1044 3826 sanari
1060 3767 1220 3844 potuerat,

98 3851 141 3918 ita
157 3853 262 3932 rupit,
280 3858 316 3918 ut
331 3853 493 3918 hominem
507 3852 658 3934 pestifero
674 3853 758 3916 malo
774 3853 922 3917 liberaret
938 3850 980 3926 3).
1002 3873 1019 3913 a
1035 3851 1126 3930 Quis,
1144 3852 1222 3915 alio·
1284 3855 1309 3924 3)
1321 3854 1466 3932 valliam,

95 3940 184 4022 quim
200 3945 275 4008 tam·
285 3941 364 4006 utile
379 3941 513 4016 facinus,
527 3940 561 4006 in
575 3941 742 4024 aequitatis
754 3942 801 4006 vel
814 3941 1021 4005 humanitatis
1033 3941 1133 4005 ollioia
1147 3958 1224 4005 con·
1245 3931 1267 4002 ¹2
1285 3934 1312 4000 8.
1329 3938 1385 3986 ell-

95 4029 267 4095 scriberet?

183 4117 245 4182 Xl.
261 4116 294 4183 3.
308 4117 581 4185 circumstantiae.
594 4117 838 4186 circumstantia
851 4124 898 4183 est
911 4118 1053 4183 accidens
1064 4117 1221 4201 quoddam

95 4205 263 4272 moraliter
278 4209 416 4274 alliciens
432 4215 538 4274 actum
553 4209 725 4274 humanum
749 4208 782 4272 in
798 4227 854 4272 suo
870 4225 985 4290 genere
1001 4211 1093 4292 atque
1110 4213 1221 4272 natura

95 4295 159 4358 iam
171 4297 396 4362 constitutum.
406 4297 618 4382 Aqqrnoontes
629 4299 676 4362 vel
689 4305 905 4376 extenuantes,
919 4296 952 4360 in
962 4295 1113 4360 iudicium
1125 4297 1222 4360 addu-

95 4390 220 4450 canlur:
231 4390 305 4451 sunt
314 4387 401 4451 enim
414 4388 550 4451 morales
563 4387 655 4450 unius
664 4388 865 4471 eiusdemque
877 4385 1011 4450 actionis
1021 4391 1140 4470 partes,
1152 4386 1221 4466 plu-

95 4474 275 4558 rimumque
287 4476 398 4551 relert,
410 4493 449 4539 an
462 4479 532 4559 quis
547 4477 739 4562 scienteruel
750 4476 945 4558 ignoranter,
960 4480 1074 4557 sponte
1091 4473 1140 4538 vel
1151 4492 1221 4536 cca·
1356 4510 1359 4520 ι

980 4567 1000 4628 5
1275 4587 1278 4592 .
