3224 5282
423 349 487 418 rab
859 367 1005 418 binnan.

376 515 524 599 Legibus:
542 536 559 577 o
571 517 704 582 Terram
715 520 749 582 et
762 514 874 582 domus
889 513 953 579 sibi
964 512 1048 580 cives
1060 510 1315 595 partiantnrrscd
1326 531 1497 597 quaecum-

376 624 437 689 que
449 604 512 668 illis
523 623 595 688 pars
606 603 792 688 contigerit,
805 605 913 668 minuc
928 605 969 667 ud
983 619 1015 666 se
1028 619 1124 684 quom
1135 603 1176 665 ud
1186 601 1410 681 rempublicam
1425 623 1497 688 spe·

251 751 253 754 .
376 700 464 760 ctare
479 694 696 759 meminerint.
718 717 735 756 o
752 694 795 758 Et
811 690 894 757 libro
905 689 968 760 xii
983 712 1000 752 n
1014 691 1078 756 Aio
1090 688 1168 772 legis
1181 690 1322 767 nomine,
1333 710 1388 757 vos
1399 697 1433 758 ct
1445 713 1498 759 ve-

295 817 301 826 ·
376 789 441 848 stra
456 783 495 847 ad
512 781 681 862 familiam,
699 781 854 846 familiam
871 786 978 846 autem
993 781 1100 844 minus
1112 782 1154 844 cd
1167 797 1199 843 sc
1211 797 1306 860 quum
1317 782 1359 845 ad
1369 799 1498 862 rempu-

377 873 490 937 blicam
504 872 683 954 pertine'rc.
699 895 716 938 n
733 871 924 937 Aristotcles
939 887 1013 935 vero
1028 869 1083 951 qui
1094 868 1193 950 Leges
1207 873 1241 932 et
1255 869 1498 952 Rempublicam

377 960 517 1027 Platonis
533 967 673 1026 evertere
688 965 738 1025 est
753 961 927 1042 aggressus,
945 976 1050 1023 rerum
1066 964 1172 1023 tamen
1188 956 1418 1039 proprietatem
1431 979 1497 1025 non

377 1051 483 1115 minns
505 1050 696 1134 reipublicae
719 1067 813 1132 qnam
829 1049 949 1114 civibus
971 1047 1129 1112 interdum
1145 1046 1279 1111 adscribi
1302 1046 1496 1130 patiebatur.

378 1139 470 1219 Quod
486 1143 578 1222 turpe
593 1140 698 1222 legum
710 1157 819 1221 geum,
834 1155 874 1202 ex
885 1136 1192 1212 obluscatanaturae
1207 1135 1380 1217 aequitate,
1394 1142 1428 1202 et
1440 1137 1500 1203 bn·

378 1247 490 1294 manae
505 1229 664 1295 servitutis
673 1228 818 1311 exemplo
829 1227 1013 1292 ducebatur.
1024 1225 1185 1309 Siquidem
1197 1241 1325 1306 graecus
1336 1225 1427 1300 civis,
1441 1228 1499 1309 qui

378 1324 501 1383 ceteros
516 1316 576 1382 sibi
591 1318 731 1401 captivos
745 1317 921 1392 detinebat,
940 1334 1004 1381 non
1020 1315 1246 1396 dedignabatur
1261 1332 1295 1378 se
1304 1314 1499 1398 reipublicae

378 1407 539 1492 captivum
554 1407 703 1473 detineri.
742 1455 746 1462 .
1032 1417 1036 1424 ·
1159 1445 1162 1452 -
1426 1430 1429 1436 ·

468 1496 511 1562 V.
524 1498 627 1578 Igitur
638 1496 759 1577 primus
768 1494 973 1578 proprietatis
985 1493 1066 1569 lons,
1077 1491 1274 1574 Respublica.
1284 1491 1358 1558 Non
1370 1493 1500 1576 quidem

379 1585 574 1668 tireocratice
585 1585 719 1650 Athenis
730 1589 766 1649 nt
777 1584 859 1666 apud
869 1582 1060 1660 orientales,
1075 1581 1205 1646 sedulio
1220 1581 1362 1646 idearum
1381 1599 1419 1647 ac
1431 1602 1501 1648 ver-

379 1675 492 1738 borum
509 1675 635 1748 ordine,
652 1692 703 1738 res
719 1673 828 1739 cadem
840 1675 958 1737 manet.
969 1671 1129 1737 Etircnata
1146 1669 1298 1734 nimimm
1313 1670 1503 1752 legumlato-

379 1782 450 1828 rum
465 1765 621 1846 cupiditas
632 1764 788 1847 privatam
800 1761 916 1827 civium
933 1761 1114 1826 libertatem
1126 1777 1163 1824 ac
1173 1758 1400 1842 proprietatem
1410 1777 1502 1826 coer·

381 1852 485 1927 cendi,
501 1870 634 1918 necnon
649 1869 854 1936 personarum
867 1868 903 1914 ac
918 1868 1023 1915 rerum
1039 1849 1210 1932 imperium
1225 1849 1258 1911 in
1271 1849 1501 1930 rempublicam

381 1941 577 2018 confercndi;
594 1941 781 2024 populomm
795 1940 930 2021 denique
946 1945 980 2004 et
994 1938 1185 2003 familiarum
1201 1942 1332 2014 secreta,
1347 1955 1383 2002 ac
1396 1938 1503 2004 minu-

381 2029 516 2106 tissima,
534 2031 574 2095 ad
589 2032 690 2112 legem
704 2029 916 2111 temperandi.
930 2027 1039 2094 Civilis
1053 2027 1107 2092 bic
1122 2027 1346 2109 despotismus‚
1358 2027 1503 2110 politicis

381 2118 501 2182 iuribus
515 2120 599 2202 male
615 2118 723 2202 utiquc
739 2118 999 2200 compensabatur
1014 2113 1083 2204 (a).

471 2207 530 2274 Vl.
547 2207 688 2282 Platoni,
702 2225 794 2290 saepe
806 2206 947 2271 idearum
964 2207 1164 2287 potiusquam
1173 2207 1277 2291 terrac
1286 2204 1441 2269 mundum
1452 2205 1504 2270 in-

379 2295 511 2371 colenti,
527 2297 607 2368 adeo
618 2297 769 2361 arriserat
783 2295 967 2360 communio
976 2295 1145 2369 bonorum,
1155 2298 1192 2358 ut
1203 2292 1505 2375 sequentiumCom-

379 2386 588 2451 munistarum
603 2403 716 2468 parens
727 2386 874 2452 evaserit.
885 2383 990 2464 Quum
1003 2384 1089 2449 enim
1101 2384 1135 2446 in
1147 2383 1289 2449 absoluta
1304 2383 1437 2448 omnino
1450 2401 1504 2449 ae-

263 2490 265 2493 ’
377 2475 548 2557 qualitate,
563 2475 727 2540 felicitatis
743 2491 779 2538 ac
793 2473 998 2557 perfectionis
1010 2489 1165 2542 summam
1180 2471 1377 2546 contulisset,
1387 2491 1505 2554 quum-

377 2582 439 2646 que
454 2564 523 2639 illa,
544 2563 657 2646 positis
673 2581 824 2645 personae
836 2563 966 2638 iuribus,
980 2579 1140 2645 nunqnam
1152 2559 1359 2627 obtinendam
1373 2561 1505 2643 conspi-

378 2657 477 2727 ceret,
496 2653 530 2717 in
545 2652 738 2737 reipublicae
754 2651 924 2734 imperium
940 2669 1108 2733 personam
1124 2650 1226 2733 ipsam
1241 2647 1407 2715 absumsit.
1423 2651 1504 2716 Pro-

377 2740 515 2824 prietatc
529 2743 627 2824 igitur
638 2760 746 2806 rerum
762 2742 917 2819 omnium,
928 2741 1096 2805 mulierum
1109 2755 1233 2821 quoque
1245 2755 1281 2803 ac
1294 2737 1435 2803 liliorum
1448 2740 1503 2804 de-

379 2833 452 2904 leta,
464 2831 516 2895 illa
526 2829 741 2897 delectabatur
752 2847 874 2894 summa
885 2829 1020 2904 unitate,
1031 2846 1138 2912 exqua
1146 2827 1424 2912 proficiscerentur
1432 2847 1503 2893 om-

378 2919 445 2991 nia,
463 2919 497 2999 in
513 2919 607 3002 qnam
623 2920 731 2984 omnia
747 2923 991 2994 reverterentur,
1007 2935 1148 3000 quaeque
1163 2917 1345 2990 vel‘Status,
1356 2916 1405 2982 vel
1424 2919 1504 2984 Res-

378 3007 516 3092 publica,
528 3011 575 3074 vcl
596 3009 772 3090 imperinm
788 3008 975 3090 appellatur.
989 3009 1055 3074 Nos
1072 3007 1235 3090 politicum
1251 3005 1502 3088 pantheismum‚

381 3101 557 3162 monstrum
573 3100 635 3164 hoc
650 3098 855 3181 appellamus.
874 3079 1088 3176 cunctamen
1112 3096 1267 3162 maximus
1281 3095 1342 3172 vir,
1361 3095 1503 3178 singulo·

380 3204 451 3251 rum
467 3187 623 3255 activitati
640 3192 672 3253 et
687 3186 827 3252 libertati
850 3185 1013 3268 praetulit,
1031 3186 1199 3250 ostendens
1222 3184 1390 3260 fallibilem
1407 3185 1505 3251 nimis

380 3275 470 3339 illam
491 3278 695 3344 sententiam:
714 3276 860 3340 nationes
875 3292 996 3338 summa
1012 3275 1111 3356 potiri
1128 3272 1294 3350 felicitate,
1311 3291 1385 3338 cum
1400 3274 1505 3358 aphi-

381 3365 519 3448 losophis
535 3367 673 3448 regibus,
692 3366 740 3430 vel
756 3383 775 3428 a
790 3365 918 3444 regibus
932 3363 1132 3450 philosophis
1147 3363 1410 3445 gubernarentur.

471 3455 545 3520 Vll.
564 3460 717 3520 Attamen
732 3454 801 3534 ipsc
816 3453 907 3518 Plato
922 3453 1000 3518 haec
1015 3455 1129 3521 docens
1146 3453 1180 3516 in
1196 3451 1378 3532 Republica,
1397 3450 1432 3516 in
1444 3450 1503 3518 Lc-

381 3543 468 3624 qibuc
483 3548 649 3608 statuerat:
666 3561 685 3600 «-
697 3543 824 3607 Iustitia
841 3542 1065 3626 aequalitatem
1080 3541 1178 3617 iubet;
1194 3541 1247 3606 sed
1261 3537 1377 3624 duplex
1388 3558 1505 3622 aequa-

382 3632 467 3696 litas:
477 3649 539 3694 una
555 3630 741 3705 materialis,
753 3648 833 3715 qnae
847 3633 999 3714 pondere,
1009 3648 1155 3695 mensura
1171 3635 1203 3696 et
1215 3649 1349 3694 numero
1364 3635 1501 3706 constat,

381 3737 539 3803 quamque
554 3721 739 3801 inexpertus
755 3725 850 3802 atquc
862 3721 1053 3785 adventitius
1064 3719 1197 3802 quilibet
1211 3718 1372 3801 legislator
1383 3737 1443 3801 pro
1456 3720 1506 3784 iu·

383 3827 419 3872 rc
434 3809 570 3890 diligere
585 3809 633 3874 vel
650 3809 819 3874 aestimare
835 3809 949 3883 valeat:
968 3810 1028 3873 alia
1045 3810 1323 3882 morcinctum,
1341 3825 1422 3890 quae
1437 3826 1506 3873 sae-

383 3914 424 3980 pe
440 3897 700 3980 inaequalitatem
719 3900 869 3980 postulat,
899 3897 1020 3963 scilicet
1035 3898 1122 3962 inter
1136 3916 1187 3963 res
1203 3896 1393 3980 inaequales,
1420 3897 1506 3963 inter

383 3987 534 4052 virtutem
556 3987 729 4065 ebutium,
748 3987 935 4071 sapientiam
952 3992 984 4053 et
1000 3987 1229 4068 ignorantiam,
1247 3985 1459 4066 capacitatem
1474 3991 1507 4050 et

176 4084 199 4157 li
220 4081 309 4157 Plato,
329 4081 365 4140 de
384 4076 592 4158 cupiditatem
610 4073 651 4158 1).
669 4100 686 4139 n
705 4076 872 4156 Quomodo
888 4076 994 4160 itaque
1010 4076 1175 4157 ingeniosa
1190 4077 1244 4141 illa
1261 4092 1363 4150 mens,
1377 4074 1457 4139 aden
1469 4074 1509 4138 li-

141 4168 222 4238 Le9.‚
236 4163 268 4218 V.

384 4165 516 4230 bertatis
530 4165 757 4248 intelligendae
772 4183 882 4249 capax,
897 4165 1043 4231 homines
1055 4165 1102 4229 uti
1114 4181 1270 4248 papavera
1283 4163 1443 4228 interdum
1456 4181 1510 4228 ae-

462 4326 501 4400 lui
515 4311 694 4386 Orientalium
714 4335 743 4386 ct
756 4330 922 4387 Graecorum
935 4327 1119 4399 despotismus
1137 4343 1172 4384 ex
1192 4327 1316 4398 opposito
1337 4325 1396 4382 iure
1409 4325 1509 4400 gigne·

386 4405 476 4462 batur.
493 4404 553 4478 lile,
569 4404 611 4460 ius
623 4403 745 4462 divinum
761 4405 992 4463 absolutissimum
1005 4403 1187 4462 transferebat
1203 4404 1228 4459 in
1240 4404 1435 4473 imperantem:
1448 4402 1506 4472 hic,

386 4480 519 4553 populare
532 4481 685 4552 imperinm,
698 4496 846 4554 rerumque
859 4496 1006 4551 summam,
1019 4480 1175 4538 conterebat
1189 4479 1216 4535 in
1229 4476 1448 4549 liempublicem.
1459 4477 1506 4532 El·

387 4557 474 4688 lecdtm
482 4556 570 4687 {dem
593 4556 649 4614 illic
663 4559 709 4615 Dei
723 4559 843 4633 nomine,
865 4558 909 4616 bic
923 4558 1031 4614 nomine
1045 4556 1148 4632 populi,
1172 4553 1291 4630 populus
1304 4555 1329 4612 in
1345 4554 1509 4611 scrutatem

388 4645 418 4688 re
440 4633 480 4704 ige
501 4638 573 4690 atur.
