3222 5282
383 429 387 438 .
456 361 869 430 mutus-rnraururutnrs.
902 357 908 370 ‘
1111 371 1115 380 ·
1155 351 1179 418 3

441 448 446 460 ’
1007 453 1011 462 “
1090 455 1102 482 ἱ

96 521 248 598 cessaria,
266 517 301 582 in
318 533 398 600 quae
413 511 534 583 nuliam
549 517 610 602 ipsi
625 517 743 586 babent
756 521 958 603 potestatem,
972 519 1125 592 sarrcteet
1139 517 1223 584 inte-

96 628 155 690 gre
170 609 298 685 afferre,
315 609 350 671 2.
367 606 478 683 liberm
495 607 536 672 ad
550 607 727 676 naturalem
740 604 936 692 aequitatem
950 612 983 678 et
993 605 1223 698 publieamuti-

97 699 226 764 litatem
242 695 460 762 accomodare.
482 695 585 776 Quam
602 696 840 762 distinctionem
853 697 1008 780 expressit
1018 694 1231 776 Arlstotclest·
1324 771 1328 778 Ι

99 788 185 852 «lus
200 787 295 852 civile
309 784 396 849 aliud
411 785 559 850 emanata
574 789 634 860 est,
652 785 737 849 aliud
753 785 934 868 legitimam.
952 781 1119 860 Naturale,
1138 785 1223 868 qaroil

98 875 218 957 ubique
234 874 378 955 gentium
392 873 478 938 idem
492 875 587 948 valet,
606 890 669 938 uon
686 874 761 957 quia
776 876 823 940 ita
838 874 1001 939 decretum
1016 871 1071 954 sit,
1095 872 1144 948 vel
1157 888 1223 941 mn
1390 935 1394 944 ,

98 965 275 1030 decretum:
288 962 459 1046 legitimam
473 961 1224 1044 sutemquodtnnedemnmobtinetcumeon-
1350 979 1356 992 ¹

97 1053 250 1119 stitutum
265 1051 363 1116 tuerit
377 1049 523 1136 (Mora,
540 1050 583 1125 V,
602 1049 701 1134 10).»
1011 1069 1014 1076 ·
1103 1111 1108 1132 ,

191 1141 266 1207 vll.
283 1139 368 1205 Hinc
383 1139 454 1204 lluit
468 1139 587 1204 iurium
601 1139 767 1206 socialium
781 1155 892 1218 nexus,
909 1136 1081 1216 etudirisio.

189 1229 313 1303 Primo,
330 1233 367 1293 ut
382 1228 415 1291 in
431 1228 562 1293 bomine
577 1227 692 1311 duplex
706 1235 754 1295 ost
769 1247 879 1294 rerum
893 1229 984 1306 ordo,
1009 1228 1126 1312 duplex
1140 1226 1220 1303 vita,

99 1313 272 1384 mundialis
286 1317 376 1391 baec,
394 1320 489 1400 atque
504 1317 765 1382 extramundialis
781 1319 892 1394 altera,
906 1333 1054 1400 praesens
1070 1316 1223 1382 nimirum

99 1412 132 1473 et
148 1406 270 1480 lutura:
279 1402 392 1488 duplex
400 1422 524 1488 quoque
538 1405 586 1470 ius
598 1407 633 1470 in
648 1412 760 1472 natura
772 1407 920 1472 bumana:
929 1405 979 1471 ius
988 1405 1225 1490 pontiticnmat-

99 1514 162 1579 que
178 1496 414 1574 imperantium,
431 1495 498 1560 sive
513 1495 562 1559 ius
575 1496 783 1580 matteum,
797 1500 830 1562 et
844 1496 893 1560 ius
911 1511 1103 1560 caesaream.
1121 1493 1224 1574 Quam

99 1584 342 1651 distinctionem
358 1586 390 1647 et
404 1601 511 1648 rerum
528 1588 640 1649 natura
655 1585 806 1667 postulat,
821 1589 854 1651 et
865 1588 975 1666 gentes
989 1600 1099 1648 omnes
1113 1586 1225 1647 tenue-

101 1678 191 1739 runt.
204 1675 288 1740 Nam
300 1672 348 1735 ius
359 1673 559 1754 pontificum,
574 1676 607 1738 et
618 1674 797 1737 maximum
807 1673 890 1738 dixit
900 1669 1024 1746 Cicero,
1037 1675 1071 1737 et
1082 1689 1155 1735 cum
1165 1688 1225 1735 au-

102 1763 246 1827 ctoritate
260 1761 477 1826 coniunctum.
493 1781 510 1821 a
524 1761 608 1841 Quid
624 1761 723 1836 enim,
737 1761 855 1843 inquit,
870 1760 971 1826 maius
985 1764 1045 1835 est,
1059 1760 1086 1824 si
1101 1759 1141 1824 de
1155 1759 1224 1826 iure

101 1851 341 1934 quaerimus...
360 1868 454 1931 quam
470 1849 552 1915 nibil
566 1850 667 1926 dorni,
686 1850 768 1915 nibil
783 1850 862 1915 ioris
881 1867 939 1932 per
953 1849 1155 1930 magistratus
1171 1865 1225 1930 ge-

101 1945 188 2005 stum
202 1939 272 2004 sine
287 1955 399 2002 eorum
413 1939 603 2004 auctoritate
619 1955 712 2020 posse
726 1939 872 2022 cuiquam
889 1938 1020 2020 probari
1037 1935 1090 2023 1)?
1107 1959 1125 2000 »
1142 1935 1224 2004 Sunt
1290 1933 1313 2004 ll
1336 1935 1378 1992 ⁰⁰
1392 1933 1472 2006 Lem,

101 2029 205 2110 igitur
218 2027 422 2092 sacerdotalis
435 2029 720 2110 acregiapotestas
734 2028 796 2092 duo
808 2025 1226 2110 quasillumina,quibusex
1247 2009 1283 2083 Ην
1303 2011 1347 2066 ¹²·

102 2134 168 2183 uuo
180 2116 271 2181 tonte
281 2115 350 2180 iura
362 2115 468 2180 divina
479 2116 688 2197 prolabuntur
699 2117 916 2182 inhumanam
927 2120 1086 2182 naturam.
1101 2114 1158 2180 Est
1169 2131 1226 2178 au·

102 2211 170 2272 tem
184 2204 235 2270 ius
250 2203 452 2286 pontificium
468 2223 533 2271 uon
549 2204 711 2270 internum
727 2206 777 2271 vel
791 2209 970 2278 externum,
985 2221 1049 2269 uon
1066 2202 1226 2268 nationale

103 2294 153 2360 vel
167 2293 427 2369 internetionem,
440 2310 480 2359 ex
495 2297 602 2359 mente
616 2292 812 2369 conditoris,
832 2294 888 2358 sed
903 2293 1044 2358 absolute
1058 2307 1226 2356 commune

102 2387 136 2449 et
150 2381 341 2455 universale,
358 2399 469 2464 quum,
494 2382 628 2448 docente
642 2381 712 2467 ipso
726 2383 843 2460 Tullio,
861 2398 924 2447 una
938 2382 982 2448 sit
996 2380 1108 2448 civitas
1122 2379 1227 2445 borni-

104 2489 182 2537 num
196 2473 293 2553 atque
307 2469 460 2537 Deorum.

32 2583 39 2591 ·
98 2599 110 2608 -·
194 2557 351 2634 Secundo,
368 2576 440 2624 cunr
456 2559 681 2643 imperantium
695 2561 798 2644 officia
812 2561 878 2626 sint
889 2563 1018 2643 gentem
1034 2575 1123 2624 suam
1139 2557 1226 2624 intus

102 2665 226 2730 regere,
243 2665 317 2714 oum
331 2649 471 2714 externis
485 2667 560 2715 vero
571 2651 748 2718 amicitiam
762 2651 880 2728 colere3
894 2651 944 2714 ius
955 2646 1227 2716 caesareumdivi·

103 2737 193 2802 ditur
208 2737 243 2801 iu
260 2737 433 2816 nationale,
452 2742 486 2803 et
500 2739 764 2806 intonationem.-

194 2825 248 2890 lus
256 2825 636 2893 nationalesubdividitur
642 2828 676 2892 in
682 2825 1075 2909 privatametpadlicam:
1085 2828 1134 2891 est
1141 2823 1230 2890 enim

102 2914 283 2997 complexio
297 2915 443 2979 omnium
457 2915 575 2997 legum,—
592 2917 704 2999 quibus
719 2918 807 2982 natio
823 2915 892 3000 ipsa
906 2916 1110 2999 gubernatur.

194 3001 364 3067 Privatum
384 3003 465 3068 illud
479 3008 539 3082 est,
556 3023 618 3088 quo
631 3006 828 3089 singulorum
843 3005 1027 3079 relationes,
1048 3001 1119 3068 iura
1133 3006 1167 3068 et
1181 3001 1231 3068 oi-

104 3091 180 3157 bcia
194 3090 427 3158 describuntur:
440 3093 490 3158 uti
503 3094 587 3176 leges
600 3093 685 3160 circa
699 3094 938 3169 conventiones,
955 3097 988 3158 et
1003 3090 1227 3172 obligationes.

198 3179 376 3256 Polliam,
399 3182 609 3247 universalem
625 3183 767 3249 nationis
781 3181 939 3255 ordinem,
962 3180 1091 3262 eiusque
1107 3177 1230 3243 consti-

103 3266 267 3335 tutionem
281 3270 387 3352 signat
401 3287 439 3335 ac
453 3270 607 3336 decernit.
625 3269 842 3337 Subdividitur
856 3270 892 3333 in
903 3267 1078 3351 politicam,
1093 3265 1231 3331 admim·

103 3357 276 3422 straticum
287 3363 321 3425 et
331 3357 490 3425 iudiciale.
500 3358 671 3425 Politicum
681 3357 847 3442 regiminis
857 3357 995 3422 formam
1005 3352 1185 3429 constituit,
1196 3356 1231 3418 et

104 3459 314 3528 personarum
325 3447 532 3530 capacitatem
544 3449 583 3513 ad
594 3448 719 3531 publica
730 3446 903 3515 exercenda
914 3441 1150 3527 gubernationis
1161 3459 1232 3506 rnu-

105 3551 199 3600 nera.
221 3533 517 3601 Administratioam
532 3537 691 3604 actionem
703 3541 736 3603 et
746 3534 994 3616 competentiam
1004 3531 1118 3614 dirigit
1127 3531 1233 3596 consi·

103 3622 227 3688 tiorum
240 3623 383 3706 publicae
397 3623 685 3691 administrationis
707 3641 782 3706 erga
803 3622 1054 3689 administratas.
1078 3619 1233 3687 lardiciatc

104 3711 181 3778 lites
195 3712 319 3789 civiles,
332 3711 450 3778 delicta
461 3716 495 3778 et
505 3729 624 3794 poenas
635 3714 760 3779 delinit:
769 3712 852 3778 uude
867 3710 952 3776 aliud
966 3709 1056 3774 ciuile
1071 3712 1132 3785 est,
1146 3708 1234 3773 aliud

104 3800 286 3866 emminate.
296 3801 347 3867 Ad
353 3801 402 3866 ius
408 3801 698 3868 administrativurn
706 3801 871 3885 pertinent
878 3798 1083 3872 commercia,
1093 3801 1126 3862 et
1133 3797 1235 3864 seien-

104 3889 153 3955 tia
164 3890 532 3970 oeconomiccpmblicae,
541 3905 621 3972 quae
632 3890 818 3957 divitiarum
830 3887 1071 3971 productionem
1086 3885 1170 3968 regit
1182 3902 1235 3950 ea-

105 3994 246 4059 rumque
260 3977 527 4044 distributionem:
540 3978 629 4044 cuius
644 3997 681 4044 ea
696 3985 746 4045 est
761 3995 823 4056 ars,
839 3981 876 4042 ut
889 3977 973 4060 leges
987 3975 1180 4040 universales
1195 3973 1235 4039 ad

104 4065 264 4141 locorum,
277 4067 327 4131 vel
338 4067 481 4148 gentium
492 4067 710 4133 conditionem
720 4065 1010 4132 accommodentur.
1019 4062 1107 4130 Olim
1119 4063 1168 4128 ius
1179 4078 1236 4126 na-

105 4153 232 4222 tionale
247 4153 439 4237 simpliciter
453 4155 651 4222 dividebatur
665 4156 700 4221 in
715 4155 806 4221 civile
821 4159 855 4220 et
866 4152 1012 4238 poemate.
1030 4152 1135 4227 Nunc,
1152 4149 1236 4232 apud

104 4242 264 4327 plurimas
279 4248 403 4325 gentes,
416 4244 613 4326 gubernandi
627 4245 762 4310 scientia
777 4243 827 4309 vel
843 4247 913 4310 arte
928 4241 995 4308 tere
1009 4240 1044 4305 in
1056 4237 1236 4309 machinam

102 4347 273 4407 conversa,
291 4333 410 4397 iurium
425 4333 476 4398 vel
490 4333 705 4399 ministerium
722 4351 780 4398 nec
796 4333 869 4397 linis
883 4348 941 4396 nec
955 4331 1072 4397 torma.
1081 4327 1237 4412 Multipli-

104 4421 189 4488 catis
205 4419 386 4504 imperandi
401 4419 561 4499 artificiis,
580 4423 656 4505 quid
673 4423 808 4489 societas
823 4417 977 4504 proiecit?

199 4509 296 4574 llisce
306 4510 450 4595 partibus
461 4515 585 4578 constat
595 4511 731 4578 scientia
742 4511 820 4577 iuris
832 4507 951 4594 privati
963 4511 996 4576 et
1008 4505 1142 4591 publici,
1158 4521 1236 4587 quae

108 4597 247 4665 seientia
263 4617 388 4684 quoque
404 4599 529 4668 socialia
545 4601 735 4687 appellatur.
