3224 5282
420 327 485 396 rel
864 335 959 390 ιιιιιιι
973 336 1008 386 ιι.

373 491 569 566 fraternitas,
590 487 710 555 variam
733 484 853 569 requiri
869 483 1084 550 membrorum
1103 479 1356 565 proportionem,
1375 484 1412 548 ut
1428 497 1500 544 onr-

373 582 463 647 nium
484 594 546 646 una
561 580 619 644 liat
633 575 789 643 concinna
803 573 902 640 series
918 577 1013 656 atque
1034 574 1206 638 structura.
1222 571 1307 642 Nam
1320 572 1405 640 sicut
1421 595 1500 659 pue-

373 672 432 748 ris,
446 667 706 743 adolescentibus,
716 665 794 732 viris
806 666 840 730 et
852 661 979 729 senibus
990 664 1201 728 conservmtur
1214 661 1449 743 generationes,
1463 674 1500 734 ιιι

374 761 432 825 alii
444 759 515 824 aliis
524 760 652 841 praesto
663 756 755 832 liant;
766 755 812 820 ita
824 752 921 819 variis
932 755 965 818 et
977 750 1068 816 miris
1079 750 1295 818 vocationibus
1304 752 1454 823 distinxit
1465 761 1500 824 et

288 877 290 884 ,
374 847 566 915 consociavit
581 861 638 912 nos
648 845 745 911 bens.
758 844 801 910 Et
816 859 928 908 omues
942 844 1089 907 naturam
1103 841 1278 923 sequimur,
1291 847 1451 910 manendo
1462 846 1499 912 in

151 2006 354 2082 llAdpres.,

130 2086 172 2156 lV,
193 2086 249 2142 l·6.

148 2363 174 2435 ιι
190 2363 268 2438 roro,
286 2365 329 2419 ιι.

374 937 544 1004 vocatione
559 935 594 1001 iu
608 950 670 1021 qua
684 932 790 1000 vocati
804 929 987 997 sumussic
998 929 1053 1016 qui
1064 928 1195 1012 ingenio
1209 929 1309 1013 pollet
1320 933 1497 1012 subtiliori,

375 1021 522 1094 naturam
537 1023 679 1108 sequitur
692 1022 769 1088 dum
784 1017 1024 1094 intellectualia,
1037 1017 1188 1085 scientias
1201 1024 1235 1086 et
1248 1023 1334 1086 artes
1344 1029 1498 1102 sectatum

375 1115 432 1198 qui
443 1119 550 1181 autem
566 1112 669 1180 valido
685 1127 832 1194 corpore,
845 1109 901 1174 sed
912 1107 1066 1174 crassiore
1080 1107 1123 1174 sit
1133 1108 1277 1189 ingenio,
1290 1109 1330 1175 ad
1346 1114 1500 1180 materia·

374 1203 418 1270 lia
432 1200 595 1279 societatis
609 1200 712 1267 officia
728 1197 916 1266 naturaliter
937 1197 1122 1264 inclinatur.
1139 1197 1314 1275 Nimirum,
1335 1203 1500 1282 quomodo

374 1297 477 1376 pater,
495 1293 530 1357 in
545 1291 656 1357 eadem
672 1288 808 1364 familia,
829 1286 952 1354 diversa
967 1285 1100 1354 diversis
1115 1286 1301 1370 impertitur
1315 1289 1434 1367 officim
1451 1291 1501 1359 ita

374 1386 466 1466 pater
482 1380 624 1448 caelestis
642 1379 678 1445 in
694 1376 891 1459 amplissimo
907 1375 1099 1459 populorum
1114 1377 1320 1460 gentiumque
1334 1381 1498 1447 convictu.

464 1471 526 1536 lll.
542 1470 629 1536 llaec
643 1466 805 1534 creatoris
816 1467 879 1542 lex,
888 1465 1012 1533 ordinis
1022 1469 1057 1532 et
1066 1465 1230 1533 societatis
1240 1466 1498 1545 fundamentum,

377 1557 523 1636 omnibus
539 1558 689 1625 servanda
705 1558 765 1634 est,
784 1573 825 1620 ne
840 1555 909 1638 ipsa
923 1554 1060 1621 societas
1073 1559 1310 1623 commoveatur
1323 1562 1358 1625 et
1372 1563 1498 1639 pereat.

374 1647 468 1730 Quod
483 1648 596 1715 Paulus
607 1647 747 1721 iubebat,
760 1643 965 1729 philosophus
976 1648 1010 1711 et
1025 1645 1194 1726 apostolus:
1206 1664 1224 1706 o
1237 1644 1377 1712 Obsecro
1389 1647 1501 1732 itaque

376 1755 430 1805 vos
445 1753 505 1819 ego
520 1738 643 1805 vinctus
654 1735 688 1800 in
700 1733 897 1809 nominant
907 1734 1003 1817 digne
1015 1733 1182 1800 ambulatis
1198 1734 1362 1801 vocatione
1369 1754 1433 1818 qua
1445 1755 1502 1803 vo·

376 1826 441 1891 cati
453 1827 621 1892 estiszcum
634 1823 723 1891 omni
734 1822 918 1889 bumilitate
933 1829 966 1891 et
982 1822 1234 1901 mansuetudiner
1243 1839 1316 1890 curn
1326 1825 1500 1908 patientia,

376 1919 598 1999 supportantes
613 1913 750 1983 invicem
762 1913 797 1976 in
808 1911 975 1990 charitate;
985 1910 1118 1979 solliciti
1128 1929 1253 1979 serrare
1263 1913 1423 1981 unitatem
1435 1915 1503 1998 spi-

377 2005 459 2072 ritus
475 2003 509 2068 iu
525 2004 650 2071 vinculo
665 2001 978 2088 pacis...Unuslleus
991 2005 1024 2068 et
1038 2006 1131 2084 pater
1143 2001 1286 2068 omniurn
1300 1999 1343 2087 1).
1355 2026 1374 2068 ι
1387 2004 1440 2070 ml
1451 2023 1504 2070 ec·

376 2092 709 2160 clesiastioamuutem
723 2091 922 2167 societatem,
931 2089 1029 2158 veluti
1040 2090 1144 2162 civilis
1154 2090 1316 2158 societatis
1323 2093 1501 2177 exemplar,

377 2201 411 2249 se
426 2188 624 2261 convertens,
646 2182 746 2248 addita
765 2200 783 2242 o
800 2180 844 2246 Et
858 2178 926 2263 ipse
940 2176 1044 2266 (Deus)
1058 2179 1147 2264 dedit
1162 2179 1313 2264 quosdam
1324 2181 1458 2264 quidem
1468 2200 1503 2248 a·

378 2272 530 2356 postolos,
541 2271 693 2354 quosdam
704 2269 1003 2353 autemproplretus,
1014 2267 1092 2334 ulios
1103 2287 1178 2336 vero
1190 2271 1503 2352 evangelistasalios

379 2357 486 2438 autem
500 2366 642 2444 pastores
656 2366 690 2428 et
703 2360 849 2426 doctores
863 2357 908 2441 2).
928 2381 946 2421 u
962 2357 1107 2438 Quorum
1129 2357 1337 2426 distinctione
1352 2361 1503 2428 ministe-

378 2451 513 2526 riorum,
523 2450 619 2516 sicuti
632 2468 696 2515 non
709 2448 847 2515 violatur
858 2446 1012 2514 naturalis
1023 2447 1208 2514 fraternitas
1218 2448 1445 2533 etaequalitus;
1455 2450 1502 2515 sic

378 2557 483 2624 neque
497 2539 644 2607 civilibus
658 2537 770 2605 officiis
780 2541 818 2602 et
833 2535 993 2617 gradibus.
1004 2535 1048 2602 Et
1058 2537 1320 2619 quemadmodum
1331 2556 1395 2604 non
1411 2540 1503 2605 dedi·

377 2633 494 2710 quatur
509 2628 654 2694 infirmus
669 2626 793 2692 medico
804 2624 933 2701 subiici,
950 2628 984 2691 et
997 2624 1097 2690 cliens
1112 2625 1340 2704 iureconsulto,
1357 2631 1391 2694 et
1407 2629 1504 2694 disci-

376 2717 468 2800 pulus
477 2716 643 2797 magistro;
653 2716 698 2782 ita
710 2713 879 2780 inferiores
887 2713 928 2778 iis
936 2713 1032 2795 digne
1042 2715 1259 2796 obsequuntur
1269 2717 1325 2798 qui
1333 2718 1503 2799 experien-

376 2805 435 2881 tia,
454 2804 502 2872 vel
519 2804 666 2880 consilio,
685 2805 733 2872 vel
749 2805 939 2870 auctoritate
961 2803 1098 2870 maiores
1112 2809 1198 2869 suut.
1216 2803 1277 2870 Sed
1298 2823 1339 2872 ex
1353 2805 1502 2883 adverso,

377 2912 472 2976 quam
488 2894 640 2958 miserum
652 2898 735 2959 esset
745 2892 889 2968 infirmo,
903 2891 953 2957 vel
967 2891 1092 2967 clienti,
1106 2893 1155 2958 vel
1166 2893 1334 2976 discipulo,
1347 2899 1455 2979 partes
1466 2915 1503 2960 ιι-

377 2999 507 3064 surpare
522 2983 649 3058 medici,
663 2981 883 3056 iureconsulti,
897 2985 953 3046 aut
963 2981 1120 3063 magistri3
1134 2983 1180 3047 ita
1191 2981 1322 3051 cuilibet
1332 3002 1351 3049 e
1362 3001 1438 3050 suae
1450 3002 1503 3051 ca-

377 3073 526 3155 pacitatis
541 3076 574 3137 et
588 3070 764 3138 vocationis
779 3070 892 3135 officiis
906 3070 1096 3152 egredienti.
1196 3097 1200 3108 =

467 3159 545 3227 llll.
562 3160 650 3241 Quos
665 3159 761 3226 variis
774 3159 1051 3240 propensionibus,
1070 3158 1310 3242 aptitudinibus,
1327 3164 1503 3231 vocationi-

377 3250 434 3316 bus
449 3255 561 3316 natura
576 3250 779 3324 discreverat,
790 3248 885 3314 variis
900 3266 1021 3331 quoque
1034 3248 1150 3330 opibus
1160 3249 1274 3319 ditavit
1285 3267 1303 3316 a
1316 3252 1497 3330 nativitate,

325 3421 327 3426 ¹
378 3357 415 3408 ca
432 3340 500 3420 lege
516 3339 688 3406 universim
704 3336 877 3403 constituta
893 3342 929 3402 ut
944 3336 1004 3400 filii
1015 3340 1197 3421 parentibus
1212 3340 1391 3407 succedant.
1406 3342 1500 3423 Quod

377 3429 405 3492 si
421 3429 567 3510 iniquum
590 3431 694 3508 putes,
712 3444 769 3492 cur
785 3443 848 3490 non
865 3424 961 3490 simul
978 3430 1124 3492 naturam
1147 3429 1303 3510 increpas,
1320 3431 1405 3511 quod
1420 3431 1499 3497 alias

379 3516 451 3580 aliis
466 3517 610 3597 gentibus
626 3516 750 3582 dederit
764 3519 868 3580 terrae
883 3515 1000 3597 plagas,
1019 3515 1187 3583 foecundas
1202 3517 1251 3583 vel
1265 3519 1400 3598 steriles,
1416 3526 1501 3586 tem-

380 3609 517 3688 peratas,
535 3603 672 3670 torridas
686 3605 735 3670 vel
751 3603 912 3684 glaciales?
923 3603 1045 3688 Nempe
1056 3604 1090 3669 in
1103 3606 1270 3672 universali
1282 3607 1501 3686 fraternitate,

381 3694 593 3776 proximiores
608 3694 756 3775 quasdam
772 3696 867 3775 atque
881 3692 1057 3758 strictiores
1072 3696 1211 3761 unitates
1222 3696 1390 3762 constituit
1402 3697 1501 3774 Deus,

380 3782 529 3858 familias,
547 3781 703 3855 civitates,
722 3786 843 3863 gentes,
869 3797 949 3864 quae
964 3799 997 3846 se
1012 3784 1166 3864 peculiari
1187 3802 1296 3850 amore
1310 3786 1504 3870 complecte-

382 3878 505 3946 rentur,
516 3877 549 3936 et
560 3870 681 3936 iuribus
696 3871 904 3954 peculiaribus
912 3871 1123 3939 afficerentur.
1135 3872 1269 3940 Cunctas
1281 3879 1386 3940 autern
1397 3877 1505 3942 natio-

382 3979 450 4037 nes,
467 3959 586 4036 indole,
598 3959 741 4041 ingenio,
751 3960 858 4025 animo
874 3978 911 4026 ac
927 3960 1014 4026 vultu
1025 3961 1071 4027 ita
1086 3962 1223 4028 diversas
1234 3963 1394 4040 effecerat,
1410 3965 1505 4047 ipsis-

381 4071 442 4134 que
464 4054 565 4114 terrae
579 4050 733 4115 fructibus
748 4048 964 4116 diversimode
973 4056 1184 4132 comparatas,
1208 4058 1245 4118 ut
1260 4053 1336 4134 quid
1352 4071 1451 4120 unum
1470 4061 1505 4121 et

382 4142 539 4204 diversum
554 4157 587 4203 se
603 4157 677 4203 esse
686 4137 915 4220 intelligerent,
930 4138 964 4202 in
976 4139 1114 4204 maxima
1127 4140 1291 4207 hominum
1303 4142 1440 4208 unitate.
1452 4145 1504 4209 lus

381 4247 505 4313 quoque
521 4229 700 4298 contulerat
710 4245 765 4294 sua
777 4226 970 4310 possidendi,
979 4231 1012 4294 et
1023 4229 1106 4311 quod
1117 4229 1192 4294 inde
1202 4231 1388 4296 immediate
1397 4235 1505 4316 sequi-

376 4324 446 4395 tur,
466 4318 542 4388 alios
558 4335 576 4380 a
593 4318 727 4395 familia,
747 4317 786 4381 ab
800 4316 890 4390 urbe,
907 4332 927 4378 a
943 4316 1072 4383 natione
1088 4319 1273 4402 repellendi.

472 4408 563 4473 Xlll.
583 4408 655 4472 lura
672 4407 771 4487 igitur
782 4405 933 4480 familiae,
944 4409 981 4471 ut
991 4424 1152 4490 sesuuque
1163 4412 1301 4486 tueatur,
1311 4426 1384 4472 curn
1398 4410 1505 4475 natio-

381 4517 456 4561 num
472 4497 593 4570 iuribus
607 4495 853 4575 coniunguntur,
868 4494 968 4576 iisque
979 4495 1190 4562 declarantur.
1203 4497 1294 4576 Quod
1306 4502 1342 4562 ut
1358 4499 1502 4562 manibus

382 4584 796 4672 usurpentconnunistae,
813 4582 921 4665 magni
933 4583 1193 4654 rationalitatum
1208 4590 1349 4669 patroni,
1361 4587 1503 4654 ccdimus
