3238 5282
387 324 452 394 230
563 403 567 412 ‚
820 341 915 389 trouu
931 338 979 388 ιιι.

343 509 468 560 versum
483 509 582 573 genus
596 497 692 566 stare,
711 507 769 556 nec
784 506 891 554 rerum
908 491 1022 551 natura
1037 483 1155 561 omnis,
1172 494 1228 541 nec
1243 477 1312 558 ipse
1328 475 1466 540 mundus

343 585 459 664 potest.
470 580 553 649 Nam
568 584 601 645 et
616 580 745 646 biulleo
759 583 862 661 paret,
873 582 906 643 et
918 575 992 640 huic
1003 573 1157 639 obediunt
1168 574 1268 638 maria
1279 577 1463 662 terraeque,

119 674 142 744 lt
168 676 210 728 De
230 672 321 744 Lep,
343 677 376 737 et
390 669 555 736 bominum
571 669 636 735 vita
647 669 740 734 iussis
754 684 918 752 supremae
933 664 1012 746 legis
1024 663 1248 744 obtemperant
1266 661 1308 747 1).
1329 687 1347 727 ι

96 750 145 823 ΙΙΙι
165 751 187 804 Ι·
434 758 699 841 ll.llocprimum
709 759 1107 825 teneamuszauaturaesse
1115 751 1278 836 politicum
1288 752 1465 835 imperium

344 847 815 933 incivitate,atqueeaquidem
828 842 1029 920 necessitate,
1037 859 1098 925 qun
1110 840 1252 906 familiae
1263 844 1468 908 constituun-

344 944 398 1004 tur
413 954 449 1001 ac
465 936 574 1018 vigent
584 939 686 1019 patris
697 935 889 1021 principatu.
903 933 962 998 Est
976 948 1053 1012 ergo
1065 930 1236 1013 imperium
1249 932 1403 996 naturalis
1414 933 1467 997 in-

343 1026 484 1100 stitutio,
502 1043 582 1108 quae
598 1044 661 1092 nou
676 1025 843 1110 evertitur,
858 1022 921 1088 nisi
936 1019 1098 1087 sociabilis
1113 1018 1282 1084 hominum
1301 1025 1416 1086 natura
1432 1039 1468 1086 e-

345 1117 501 1182 vertatur.
516 1113 791 1197 Consequenter,a
805 1115 874 1180 lieo
887 1117 947 1187 est,
959 1110 1105 1192 illiusque
1118 1126 1190 1190 pars
1205 1125 1359 1189 supernae
1372 1111 1466 1193 legis,

346 1205 398 1270 cui
411 1221 507 1288 quum
520 1205 621 1268 maria
634 1210 801 1286 terraeque
813 1201 975 1277 obediant,
987 1198 1071 1264 iuste
1084 1204 1207 1282 quoque
1218 1196 1389 1262 hominum
1402 1200 1468 1264 vita

346 1293 593 1373 obtemperabit:
605 1312 645 1358 ne
655 1292 933 1378 quemadmodum,
946 1288 1147 1370 lege'sublota
1162 1287 1322 1351 caelorum
1339 1289 1468 1368 agmina

346 1382 568 1458 dissolventur,
579 1382 625 1448 ita
636 1383 781 1466 naturale
792 1383 924 1447 bumani
936 1378 1060 1463 generis
1070 1377 1269 1444 consortium
1280 1376 1384 1444 civilis
1395 1395 1469 1443 cur-

348 1491 400 1538 sus
416 1476 448 1536 et
464 1471 619 1552 perfectio
635 1472 730 1537 simul
746 1471 990 1537 intercidantur.

439 1561 501 1626 ιιι.
519 1561 576 1626 Est
585 1567 691 1628 autem
699 1562 828 1646 imperii
839 1561 885 1626 vis
894 1560 1022 1625 interna
1030 1562 1064 1624 et
1075 1558 1217 1630 externa,
1229 1553 1308 1630 adeo
1319 1560 1357 1619 ut
1367 1556 1469 1621 actio-

350 1669 405 1716 nes
417 1649 583 1716 bominum
597 1655 629 1716 et
642 1650 816 1717 rationales
827 1650 948 1714 animas
960 1649 1039 1731 liget
1050 1651 1146 1727 atque
1157 1643 1285 1711 alliciat.
1296 1663 1313 1702 ι
1325 1643 1411 1722 Quid
1423 1650 1472 1710 est

123 1753 149 1824 ιι
177 1753 234 1810 cic.
253 1795 262 1822 ‚
293 1747 329 1804 do
349 1742 437 1805 cnim
452 1740 575 1815 civitas,
594 1740 655 1806 uisi
671 1740 750 1805 iuris
761 1740 911 1805 societas?
923 1737 955 1824 2)
973 1737 1103 1820 »Atqui
1118 1736 1168 1798 ius
1182 1751 1237 1798 ens
1252 1737 1301 1798 est
1316 1734 1468 1810 rationis,

104 1831 188 1903 dep,
204 1829 226 1901 Ι,
243 1829 288 1884 ³2.
350 1830 502 1894 moralem
518 1829 663 1896 ordinem
678 1829 887 1905 constituens,
902 1829 954 1893 cui
970 1844 1059 1891 mens
1070 1823 1236 1890 rationulis
1247 1827 1357 1906 pareat
1368 1827 1403 1888 et
1415 1825 1473 1888 ob-

348 1923 509 2003 sequatur,
524 1918 587 1983 nisi
601 1936 619 1983 a
634 1935 667 1983 se
682 1919 749 2001 ipsu
764 1919 922 1993 recedere,
940 1922 1035 1998 atque
1050 1917 1085 1982 in
1102 1919 1233 1979 naturae
1247 1929 1321 1977 suae
1338 1913 1423 1995 leges
1439 1918 1473 1980 et

350 2007 484 2090 imperia
501 2005 644 2088 iniquum
659 2007 732 2072 lieri
744 2008 850 2073 malit.
867 2008 951 2072 llum
967 2023 1043 2087 ergo
1061 2002 1295 2085 magistratibus
1310 2018 1390 2084 opus
1406 2009 1469 2080 est,

123 2093 328 2170 aluicdebeq.
350 2096 420 2160 siaa
434 2111 570 2175 quorum
584 2095 754 2178 prudentia
776 2112 812 2161 ac
827 2095 995 2178 diligentia
1015 2112 1082 2160 esse
1096 2093 1207 2160 civitas
1223 2111 1287 2157 uon
1302 2095 1409 2174 potest
1425 2089 1469 2176 3);

105 2172 153 2243 ΙΙΙ,
168 2176 195 2232 ²·
350 2184 391 2248 iis
403 2187 439 2246 ut
453 2189 586 2264 pareant
600 2184 695 2259 cives,
714 2202 732 2248 a
749 2190 862 2250 natura
877 2186 946 2269 ipsa
961 2184 1172 2250 constitutum
1187 2187 1247 2247 est.
1262 2185 1344 2258 lmo,
1359 2198 1474 2262 argue-

350 2273 405 2336 bat
419 2270 544 2347 Cicero,
564 2291 581 2332 o
600 2290 659 2338 nec
673 2291 748 2338 vero
764 2275 867 2339 solum
882 2280 918 2341 ut
933 2274 1155 2355 obtemperent
1174 2269 1387 2354 obediuntque
1403 2288 1472 2336 ma-

352 2360 548 2444 gistratibus,
566 2362 619 2426 sed
635 2362 734 2452 etiam
749 2365 785 2427 ut
800 2381 854 2429 eos
869 2365 977 2430 colant
988 2357 1195 2444 diligantque,
1211 2361 1471 2443 praescribimus,

352 2455 390 2516 ut
401 2448 584 2515 ebarardus
606 2451 640 2517 in
656 2452 721 2517 suis
733 2451 811 2524 iacit
826 2452 959 2536 iegibus.
976 2453 1093 2520 Noster
1109 2467 1183 2519 vero
1199 2451 1303 2529 Plato,
1320 2451 1471 2516 Titanum

355 2558 374 2605 e
389 2555 506 2622 genere
522 2540 636 2607 statuit
652 2559 719 2618 eos,
737 2542 805 2624 qui,
819 2549 855 2610 ut
875 2539 925 2608 illi
939 2542 1140 2616 caelestibus,
1157 2538 1203 2604 sic
1219 2540 1253 2605 ιιι
1268 2541 1475 2607 adversantur

356 2627 593 2710 magistratibus
609 2628 641 2714 d)
659 2653 676 2694 ι
695 2629 748 2716 (ιι).
934 2711 937 2716 ι

445 2716 867 2803 lV.lnimperioigitur,1.
880 2718 1472 2795 naturalemhabemusinstitutionem

355 2807 389 2872 2.
407 2823 487 2888 quae
502 2808 555 2898 sui
566 2813 614 2873 est
629 2809 720 2891 iuris,
738 2828 855 2892 suaque
872 2812 940 2892 agit
955 2811 999 2886 vi,
1014 2811 1052 2874 ab
1067 2810 1123 2874 illa
1138 2807 1264 2893 delapsa
1275 2825 1413 2891 superna
1429 2808 1474 2872 le·

354 2896 499 2977 genade
515 2898 623 2963 omnia
639 2897 798 2981 descripta
810 2904 883 2965 sunt
895 2901 977 2976 iura;
989 2899 1083 2966 3.cui
1096 2907 1278 2982 propterea,
1289 2897 1405 2963 morali
1419 2914 1476 2963 ne·

354 2984 502 3051 cessitate
519 2988 694 3067 parendum
709 2988 763 3064 sit,
775 3007 815 3053 nc
827 2989 954 3071 iniquus
965 2991 1021 3056 liat
1032 2990 1122 3068 civis,
1135 3006 1175 3053 ne
1185 3007 1262 3073 gens
1276 2989 1344 3072 ipsa
1358 2986 1476 3051 dissol-

354 3077 1393 3160 vatur,nequeTitanumiereexemplaetbellareuooentur.llaec
1401 3075 1478 3142 Tul-

128 3155 154 3228 ⁵)
167 3154 227 3212 vid.
242 3153 302 3211 bib.
312 3154 333 3229 Ι,
353 3162 414 3227 lius
427 3181 499 3230 vere
514 3170 547 3231 et
562 3165 702 3248 graviter
717 3184 758 3231 cr
769 3172 902 3233 naturae
918 3186 1004 3249 penu
1018 3167 1166 3232 eliciebat
1182 3166 1226 3252 5).

108 3233 149 3288 tit.
164 3230 237 3287 ΙΙΙΙΙ·
444 3253 487 3319 V.
504 3254 563 3320 Est
579 3261 687 3320 tamen
700 3255 885 3337 imperium,
900 3276 964 3321 uon
976 3258 1157 3339 proprietas
1178 3257 1212 3320 in
1230 3255 1279 3319 sui
1295 3253 1407 3337 ipsius,
1420 3253 1476 3318 sed

353 3341 529 3406 iurisdictio
545 3343 579 3408 in
595 3361 796 3409 communem
813 3345 1125 3414 utilitatemUnde«
1136 3346 1269 3410 omuino
1284 3344 1340 3428 qui
1355 3345 1405 3408 rei
1417 3360 1479 3424 pu·

353 3429 454 3495 blicoe
470 3437 633 3514 praesunt,
651 3432 713 3499 duo
729 3433 874 3498 Platonis
889 3439 1060 3516 praecepta
1076 3438 1219 3500 teneant.
1231 3431 1350 3508 Unum,
1364 3438 1402 3496 ut
1413 3432 1477 3498 uti·

355 3519 480 3584 litatem
495 3520 613 3585 civium
626 3523 671 3587 sic
683 3527 844 3594 tueantur,
854 3528 891 3587 ut
903 3523 1056 3608 quidquid
1067 3529 1175 3606 agant,
1186 3522 1473 3600 adeamreierant,

353 3606 446 3673 obliti
460 3611 700 3676 commodorum
714 3630 857 3676 suorum.
875 3611 1034 3686 Alterum,
1053 3617 1089 3678 ut
1104 3618 1209 3679 totum
1221 3628 1337 3692 corpus
1353 3612 1403 3675 rei
1418 3630 1476 3693 pu-

354 3694 456 3760 blicae
469 3705 595 3774 curent,
618 3719 658 3765 ne
672 3718 745 3766 cum
760 3705 885 3782 purtem
901 3700 1040 3785 aliquam
1057 3705 1198 3777 tuentur,
1224 3701 1365 3782 reliquos
1385 3700 1476 3764 dese-

353 3787 440 3848 rant.
458 3784 501 3855 Ut
516 3788 604 3852 enim
619 3790 732 3865 tutela,
745 3790 792 3854 sic
806 3791 991 3872 procuratio
1007 3790 1055 3854 rei
1070 3790 1226 3873 publicae,
1241 3789 1281 3854 ad
1296 3788 1475 3854 utilitatem

354 3889 465 3936 eorum
481 3875 537 3956 qui
552 3879 715 3942 commissi
729 3884 815 3953 sunt,
838 3897 904 3944 non
920 3879 959 3944 ad
974 3897 1085 3944 eorum
1099 3879 1213 3964 quibus
1229 3878 1397 3944 commissa
1414 3881 1475 3952 est,

121 3963 297 4042 alcinoff,
309 3963 332 4020 l.
354 3963 492 4044 gerenda
508 3968 556 4030 est
571 3963 615 4050 b).
627 3988 645 4030 ι
658 3966 764 4034 Verba
776 3968 874 4034 rateto
885 3972 918 4035 et
925 3968 1123 4052 procuratio,
1133 3969 1161 4033 si
1173 3985 1246 4034 cum
1257 3967 1476 4051 superioribus

377 4270 382 4282 Ι
431 4191 471 4281 io)
485 4193 574 4281 Verba
587 4193 631 4251 illu
648 4213 671 4254 s.
680 4198 767 4256 Pauli:
780 4219 791 4250 ι
802 4197 896 4286 Omnis
905 4197 993 4255 anima
1004 4195 1479 4286 potestatibus,sublimioribussub-

355 4269 1477 4430 titt¹attiliittintlltllltlttltltdllntltltltt

356 4427 402 4508 eat·
408 4428 541 4496 potestus
553 4425 615 4508 utri
625 4437 649 4480 a
664 4427 733 4510 Deo.
742 4425 884 4510 Nunquam
894 4427 967 4483 anim
978 4433 1071 4498 posset
1082 4427 1152 4497 bari,
1160 4425 1211 4482 nisi
1221 4423 1381 4496 operatione
1392 4422 1478 4480 solius

356 4497 414 4581 Der,
428 4505 459 4556 ut
471 4506 512 4573 tot
524 4499 647 4557 hommes
660 4515 707 4557 um
722 4505 848 4573 serviant,
863 4516 946 4573 quem
957 4501 1128 4564 considerant
1141 4501 1221 4560 unius
1235 4515 1330 4562 secum
1342 4515 1407 4558 csse
1420 4499 1476 4556 ιιι-

358 4570 469 4643 grlrtatis
481 4583 509 4634 et
523 4581 636 4635 naturae
651 4574 699 4652 (lu
712 4579 767 4652 Ep.
783 4574 825 4634 ad
837 4578 920 4635 Rom.
937 4575 1020 4652 lllll).
1042 4599 1052 4629 ι
