3228 5280
437 278 503 344 3⁰6
843 343 847 354 ,
867 297 964 347 sunan
979 295 1026 346 ru.

388 448 427 512 ‚et
438 443 666 511 tumultuantes
681 445 858 510 haereticos
873 445 972 514 tutela
987 448 1021 509 et
1031 440 1234 529 praesidium.
1252 439 1344 520 Quae
1359 439 1448 504 adeo
1465 457 1520 503 ex·

388 538 574 610 currerunt,
588 527 834 618 Bps'antinorum
841 532 1033 617 praesertim
1047 532 1187 598 vanitate
1199 535 1294 612 atque
1309 529 1392 592 odio
1405 530 1443 592 in
1455 530 1520 592 llo

395 626 714 695 manos,utexternus
725 622 900 705 episcopus,
911 622 1015 704 legum
1027 637 1142 702 nempe
1153 617 1519 683 ecclesiasticarumnon

394 709 489 774 iudex
505 701 734 786 seddeicnsor,
751 711 786 775 in
802 712 958 793 templum
972 715 1066 796 utque
1080 711 1116 773 in
1131 707 1248 772 iudicia
1260 706 1377 789 pedem
1396 707 1520 770 intule-

395 797 452 862 rit.
462 797 545 862 llinc
558 797 612 862 illa
624 801 777 864 malorum
792 818 893 883 seges,
906 817 980 882 qua,
992 799 1118 864 fauente
1133 799 1206 862 lure
1219 797 1382 870 Romano,
1394 795 1521 859 laicalis

397 891 646 971 potestasusque
662 889 701 952 ad
717 906 774 953 nos
789 907 876 955 sacru
892 891 1029 972 plurima
1044 886 1208 972 pertraxit.
1227 883 1388 950 Gentibus
1405 889 1519 948 tamen

310 1039 316 1052 ,
396 972 547 1058 perutilia
559 977 735 1042 extiterunt
747 979 800 1042 illa
808 978 969 1044 Ecclesiae
980 973 1213 1058 atquelmperii
1223 973 1368 1037 foedera:
1379 990 1462 1036 nam
1476 973 1521 1036 le-

398 1079 453 1144 ges
465 1069 498 1129 et
510 1081 615 1128 mores
626 1067 727 1148 magis
739 1068 901 1152 magisqm
916 1070 1112 1141 accesserunt
1122 1064 1161 1127 ad
1173 1061 1391 1142 evangelicam
1405 1063 1521 1142 aequi-

398 1156 511 1225 tatem,
528 1154 800 1220 mansuetudinem
816 1162 910 1238 atque
924 1154 1124 1239 sapientiam3
1146 1151 1262 1232 illaque
1281 1151 1313 1214 si
1332 1149 1469 1230 publica
1485 1152 1520 1214 in

397 1240 464 1303 dies
479 1241 650 1322 augebatur
663 1243 815 1321 Ecclesia,
824 1264 898 1327 qua,
910 1243 1104 1315 irruentibus
1117 1239 1265 1305 Barbarie
1275 1242 1309 1303 et
1320 1237 1449 1320 dilapso
1461 1257 1522 1302 un·

398 1329 492 1412 dique
504 1329 653 1411 imperio,
667 1331 782 1398 fractas
797 1339 905 1416 gentes
920 1335 955 1397 in
971 1349 1085 1398 novam
1096 1330 1247 1394 conderet
1262 1326 1472 1392 societatem.

390 1481 394 1486 .
487 1418 530 1483 v„
545 1415 579 1482 3.
593 1421 750 1486 Primatus
764 1421 922 1491 Ecclesiae
937 1424 971 1486 in
986 1419 1172 1501 imperium.
1190 1415 1318 1482 Crimen
1333 1433 1355 1478 n
1371 1415 1520 1496 pbiloso-

398 1506 472 1588 plris
484 1510 517 1571 et
528 1508 670 1588 politicis
682 1528 841 1592 nunquam
853 1509 1011 1578 Ecclesiae
1022 1505 1328 1580 dimittendum,hoc
1339 1510 1404 1568 est:
1416 1505 1517 1585 quod,

398 1595 600 1660 incumbente
616 1598 720 1676 medio
736 1617 824 1674 aevo,
838 1600 988 1666 extinctis
1003 1597 1134 1680 legibus,
1150 1598 1295 1662 Romano
1310 1595 1386 1675 ipso
1398 1591 1519 1658 Codice

398 1701 439 1748 ex
449 1684 617 1750 hominum
633 1687 748 1754 notitia
761 1688 887 1771 penitus
901 1688 1085 1760 obliterato,
1100 1685 1205 1767 gladio
1216 1690 1249 1750 et
1262 1684 1293 1746 vi
1309 1682 1438 1746 brutali
1449 1682 1520 1745 ubi-

398 1789 460 1856 que
472 1771 711 1855 imperantibus,
725 1777 863 1843 Ecclesia
880 1793 1082 1842 romanarum
1093 1775 1198 1856 legum
1208 1773 1366 1838 retineret
1382 1787 1520 1839 consue-

399 1861 556 1936 tudinem,
575 1862 734 1948 riolentiis
749 1866 818 1930 iura
834 1867 1022 1948 praeterret,
1039 1862 1195 1940 Barbaros
1208 1861 1274 1926 sive
1288 1859 1435 1924 subditos
1452 1859 1519 1922 sire

397 1949 557 2031 principes
573 1950 612 2013 ad
626 1954 818 2035 aequitatem
830 1961 863 2020 et
874 1954 1105 2030 humanitatem
1117 1949 1296 2023 adduceret,
1307 1948 1427 2022 veteris
1438 1947 1519 2011 ciri-

400 2037 501 2103 litatis
512 2037 948 2126 reliquias,scientiarumqne
959 2047 992 2107 et
1003 2041 1121 2107 artium
1131 2039 1252 2103 semina
1263 2038 1402 2110 foveret,
1417 2041 1518 2116 atque

398 2125 600 2190 deficientem
614 2126 776 2212 Europam
791 2133 944 2214 materpis
958 2131 1042 2216 ulnis
1053 2127 1404 2210 amplecteretur.Tunc
1415 2143 1516 2206 quum

398 2213 480 2284 nihil
495 2213 603 2278 salutis
618 2217 815 2301 principibus
832 2228 874 2290 et,
881 2220 1037 2303 gentibus,
1054 2222 1180 2301 praeter
1194 2233 1289 2297 quam
1303 2214 1338 2277 in
1354 2212 1514 2284 Ecclesia,

398 2301 557 2386 reliquum
572 2308 665 2379 esset,
680 2305 896 2394 illiuslideset
909 2309 993 2392 leges
1004 2308 1038 2371 in
1050 2305 1224 2371 constituta
1235 2302 1430 2388 populorum
1442 2302 1516 2365 lun-

399 2390 592 2460 damentalia
615 2402 792 2471 evaserunt,
810 2415 987 2482 novumque
1003 2397 1053 2460 ius
1067 2395 1286 2460 constitutum.
1304 2391 1374 2455 lloc
1391 2390 1444 2453 ius
1459 2408 1515 2471 pu·

399 2483 529 2554 bimum,
546 2483 717 2549 sacrum'et
731 2486 837 2562 civile,
855 2489 894 2552 ad
908 2504 996 2551 sacra
1010 2490 1179 2568 propterea
1193 2485 1227 2545 et
1241 2478 1348 2546 civilia
1362 2479 1515 2552 extende·

397 2573 502 2638 batur.
518 2567 617 2633 Varia
628 2574 734 2637 tamen
750 2575 887 2640 ratione:
900 2576 1023 2648 «Nam,
1038 2568 1307 2654 inquitllloehler,
1323 2585 1400 2632 vere
1411 2583 1515 2630 sacer·

397 2657 512 2726 dotalis
524 2659 692 2724 auotoritas
702 2663 919 2742 spiritualibus
929 2658 1168 2728 continetur&
1179 2659 1214 2722 in
1223 2657 1326 2728 media
1338 2655 1515 2719 aetateboc

397 2748 516 2826 limites
530 2748 674 2822 excessit,
692 2753 775 2816 ratio
790 2758 860 2818 tota
876 2752 993 2835 pendet
1008 2769 1049 2816 ex
1062 2750 1117 2814 illo
1132 2763 1221 2812 aevo.
1235 2746 1367 2810 Praeter
1381 2743 1455 2808 iura
1468 2761 1514 2806 es-

397 2836 556 2913 sentialia,
575 2835 744 2903 Pontifices
759 2858 799 2904 ex
814 2842 1035 2910 adiunctorum
1050 2837 1081 2903 vi
1093 2833 1166 2899 'iura
1182 2832 1348 2916 acquirunt
1369 2833 1516 2895 acciden-

59 2966 63 2973 1
174 2950 196 3018 ιι
213 2945 379 3018 cruenteque
398 2927 488 3001 talin,
502 2929 534 2989 et
545 2940 602 3006 pro
619 2928 811 3009 temporibus
827 2929 992 2995 mutabilia
1009 2925 1051 3010 1).
1068 2925 1152 2992 »Sic
1166 2928 1271 2987 autem
1286 2919 1413 2984 mediae
1429 2919 1515 2982 illins

151 3022 376 3160 ccccc
398 3007 1517 3182 rr‘lectitentneruus“erudientes

189 3140 220 3168 ·‚
265 3135 302 3165 „
370 3135 376 3150 ·
457 3151 465 3179 ,
764 3126 806 3170 :u
868 3122 1091 3177 rrsranrsmu,
1362 3143 1372 3170 ι

397 3194 496 3258 totius
505 3190 592 3255 orbis
603 3191 747 3270 societas,
759 3195 798 3258 iis
807 3196 942 3277 regenda
950 3191 1171 3276 potestatibus,
1182 3186 1428 3268 quasDeusipse
1440 3202 1517 3248 con-

396 3281 514 3346 stituit.
526 3280 669 3344 Potestas
677 3281 802 3361 duplex,
811 3283 987 3366 spiritualis
995 3287 1027 3346 et
1038 3276 1234 3360 temporalis:
1245 3279 1378 3354 utraque
1386 3274 1423 3336 in
1431 3273 1516 3337 Pon-

399 3371 496 3446 tiliae,
511 3368 570 3433 Dei
583 3369 713 3443 vicario,
725 3370 854 3455 eiusque
866 3372 996 3437 nomine
1008 3367 1176 3435 visibiliter
1191 3361 1316 3446 agente.
1325 3362 1376 3426 Ex
1385 3361 1446 3425 illo
1459 3362 1518 3426 ita-

398 3477 472 3542 que,
487 3464 520 3523 et
535 3456 592 3520 sub
607 3457 690 3538 ipso,
707 3459 875 3543 imperium
892 3460 987 3528 habet
1001 3459 1187 3540 imperator,
1204 3451 1323 3532 aliique
1338 3450 1513 3532 principes,

399 3567 457 3628 pro
469 3548 560 3611 rebus
571 3547 687 3610 saeculi
699 3545 792 3613 duces
800 3549 1061 3616 constituti.Duo
1071 3543 1165 3609 simul
1178 3538 1432 3620 imperia-amice
1444 3556 1518 3604 oon·

397 3637 531 3718 spirent.
545 3633 658 3700 Omnis
673 3641 813 3717 potestas
824 3643 872 3704 est
884 3639 984 3720 igitur
995 3636 1101 3708 allen,
1116 3648 1212 3714 quum
1224 3627 1358 3692 societas
1369 3631 1406 3692 et
1416 3623 1518 3710 impe

181 3743 207 3814 ρ)
235 3745 351 3799 eichorn
370 3785 377 3810 ‚
398 3727 484 3788 rium
494 3725 560 3786 sint
575 3739 592 3785 a
608 3723 676 3787 Deo
691 3724 735 3808 2).
756 3748 773 3788 »

154 3824 231 3876 Htst.
247 3819 283 3874 de
296 3818 380 3874 t'em-
489 3806 546 3877 Vl.
561 3811 769 3894 Exceptiones
781 3815 923 3880 aderant:
933 3812 1128 3880 nihiltamen
1140 3802 1423 3886 inexpositoiure,
1435 3803 1519 3885 quod

147 3893 380 3967 pereeldcdrott
399 3899 557 3967 Ecclesiae
568 3899 697 3964 crimini
709 3904 788 3969 verti
800 3905 912 3985 possit.
932 3904 966 3970 Si
978 3901 1064 3967 hisce
1076 3895 1269 3980 temporibus
1282 3891 1421 3955 liberum
1434 3893 1521 3956 vide-

151 3973 379 4100 {lfrm'““{3²6‘⁶3¹3·
400 3995 464 4064 tur,
479 3989 547 4053 iura
559 3987 683 4068 publica
699 3991 813 4056 elicere
828 4010 867 4058 ex
881 4009 1003 4058 summa
1018 3987 1127 4072 populi
1142 3985 1311 4069 potestate,
1325 3997 1383 4043 cur
1401 3997 1468 4044 non
1484 3981 1522 4045 li·

153 4087 211 4174 0th
223 4060 340 4176 p‘stm’
400 4069 666 4156 cuisset'antiquis
681 4077 808 4158 dignius
820 4081 874 4145 illa
891 4083 1061 4161 attingere,
1075 4073 1136 4138 etsi
1147 4089 1220 4136 cum
1231 4069 1521 4156 aliquaexaggera·

214 4162 232 4192 '’
331 4161 336 4174 ’
400 4170 501 4244 tione,
516 4185 556 4232 ex
565 4181 687 4228 summa
698 4167 759 4232 Dei
772 4171 942 4252 potestate?
954 4169 989 4235 Si
1001 4162 1197 4236 Britanniae,
1214 4157 1346 4237 aliisque
1363 4175 1451 4220 nnnc
1463 4158 1522 4222 im-

394 4258 496 4342 periis
507 4253 791 4332 constitutumest,
802 4257 982 4340 imperandi
991 4257 1041 4335 ius
1051 4270 1089 4320 eo
1101 4253 1172 4331 ipso
1185 4245 1257 4312 exui
1272 4243 1456 4327 principem
1469 4245 1522 4328 qui

399 4349 604 4412 reformatam
618 4343 747 4411 obiiciat
762 4345 960 4426 religionem,
974 4362 1031 4411 cur
1042 4338 1188 4424 gentibus
1202 4333 1327 4400 mediae
1342 4335 1461 4398 aetatis
1474 4337 1522 4398 in·

401 4431 524 4520 tegrum'
538 4451 602 4499 non
615 4432 726 4506 luisset
739 4434 945 4510 constituere,
960 4441 995 4501 ut
1006 4431 1115 4498 eadem
1127 4442 1226 4510 poena
1238 4437 1329 4501 reges
1340 4420 1522 4501 plecteren-

401 4533 452 4591 tur
468 4525 545 4588 si-in
558 4523 718 4588 baeresim
735 4522 945 4589 incidissent?
964 4520 1046 4604 Quis¹
1057 4521 1163 4585 autem
1178 4509 1318 4579 haeresis
1332 4508 1445 4587 iudex,
1463 4511 1521 4574 nisi
