3222 5282
439 298 482 366 38
884 325 980 374 iram
995 325 1017 374 ι.
1126 404 1130 411 ¹

395 465 588 547 proculcare,
608 485 732 552 semper
747 469 904 554 iniquum.
918 473 970 536 lus
982 471 1069 536 enim
1084 472 1193 546 olleo,
1206 474 1361 555 sanctum,
1377 467 1515 541 inviola-

397 555 472 628 bile,
491 561 668 620 aeternum:
687 577 828 642 quaeque
850 560 905 624 ille
920 578 985 624 nou
1007 560 1226 642 imputaverit,
1244 565 1337 640 atque
1361 557 1516 639 imputari

394 649 584 794 ἔερεςεξηι,
609 649 769 728 quomodo
784 651 823 714 ab
838 648 981 723 homine,
998 650 1054 731 qui
1069 651 1137 715 eius
1153 649 1237 714 vices
1259 646 1355 730 gerit,
1373 647 1516 728 imputa·

414 736 527 797 untur.

482 820 606 887 xxiv.
624 822 696 910 Erit
711 823 822 907 igitur,
836 824 919 891 sicut
929 815 1140 890 humanarum
1152 826 1257 906 legum
1269 823 1376 888 divina
1389 825 1451 896 lex,
1465 822 1513 887 ita

395 908 551 973 humanae
565 929 689 994 quoque
704 913 922 996 imputationis
936 914 1044 978 divina
1058 914 1228 996 imputatio
1242 913 1344 977 lorma
1356 916 1390 975 at
1406 928 1515 975 exem-

396 998 478 1078 plari
495 998 554 1063 hoc
570 1019 633 1064 uno
649 995 793 1085 excepto,
806 1004 892 1087 quod
903 1001 964 1068 alia
974 1021 1032 1084 pro
1045 1008 1198 1085 tempore,
1209 1002 1272 1066 alia
1284 1001 1321 1066 lit
1336 1017 1396 1081 pro
1409 1006 1514 1063 aeter·
1543 1069 1547 1080 ,

397 1086 508 1161 nitate,
525 1107 622 1170 quum
636 1088 701 1154 illic
717 1091 759 1156 sit
775 1091 963 1155 immortalis
976 1091 1039 1165 lex,
1057 1091 1248 1156 immortalis
1259 1090 1364 1163 iudex,
1379 1089 1514 1152 immor-

397 1175 469 1241 talis
485 1177 602 1251 anima,
620 1197 712 1262 quae,
729 1181 855 1262 expleto
872 1180 942 1244 uiae
957 1198 1062 1257 cursu,
1083 1181 1122 1243 ab
1137 1179 1258 1244 indicto
1280 1176 1379 1242 semel
1394 1175 1514 1240 iudicio

398 1281 437 1327 ne
449 1264 573 1330 excidat
588 1265 622 1329 in
634 1273 811 1344 aeternum,
825 1269 892 1351 ipsa
903 1269 999 1333 eiilcit
1011 1267 1210 1334 aeternitatis
1223 1265 1376 1344 conditio,
1393 1263 1514 1328 nullam

398 1353 432 1417 in
448 1355 676 1438 sempiternum
691 1374 803 1422 aevum
818 1357 1026 1423 mutationem
1040 1362 1218 1440 racepmra.

895 1541 1012 1578 ⁸⁴0⁸·-

765 1683 1052 1762 TITULUS
1093 1685 1136 1762 V.

397 1894 462 1942 tux
478 1893 670 1953 ΝΑΤΠΒΑῑΙὸ,
688 1893 722 1943 lN
737 1895 896 1945 HOMINUM
911 1893 1105 1952 sacimas,
1122 1893 1506 1958 subsannabimus,

715 1981 972 2032 Fuubnuunwal
986 1981 1188 2032 mulctaris.

473 2137 495 2197 1.
512 2140 558 2196 lus
570 2139 630 2196 lons
643 2147 686 2198 esl
699 2141 841 2212 aequitalis
855 2142 882 2199 in
896 2139 1021 2214 singulis,
1037 2146 1118 2214 atque
1132 2142 1158 2198 in
1170 2141 1313 2200 universis.
1330 2144 1365 2200 ll.
1379 2145 1511 2218 Aequitas

398 2213 489 2287 legum
504 2225 547 2272 est
559 2231 655 2272 aarum
675 2215 824 2288 aequalitas
840 2233 902 2274 cum
915 2217 976 2289 lege
997 2223 1120 2273 aeterua.
1137 2218 1185 2273 lll.
1200 2219 1257 2276 Una
1277 2219 1410 2292 aequitas,
1426 2237 1443 2276 a
1457 2238 1511 2293 qua

397 2289 529 2346 humanae
543 2290 617 2363 leges
630 2293 795 2364 aequitatem
809 2293 954 2364 accipiant.
969 2293 1013 2350 lv.
1027 2293 1127 2363 Legum
1138 2292 1319 2349 humanarum
1331 2293 1510 2352 conditiones.

397 2365 430 2421 V.
445 2367 517 2422 Fons
532 2367 676 2438 aequitatis
689 2374 717 2423 ct
730 2369 912 2435 auctoritatis,¹
928 2367 1003 2423 solus
1019 2369 1101 2423 Deus.
1113 2368 1158 2424 vl.
1167 2369 1250 2424 Vetus
1260 2375 1288 2424 et
1298 2385 1364 2424 nora
1378 2370 1513 2427 iuriscon-

396 2440 528 2497 sultorum
548 2442 640 2499 ecbola
659 2442 768 2516 regibus
782 2448 810 2500 et
822 2443 929 2515 populis
948 2441 1071 2498 blandita
1084 2448 1135 2498 est.
1154 2443 1213 2500 vll.
1228 2443 1346 2500 Turbato
1367 2446 1512 2517 aequitatis

396 2513 468 2572 tonte
486 2517 558 2584 ipsae
572 2516 647 2590 leges
659 2525 688 2576 el
701 2533 786 2590 regna
800 2519 997 2574 turbata-sunt.
1010 2519 1081 2575 Vlll.
1099 2516 1237 2588 Regenda,
1250 2534 1308 2574 uon
1323 2519 1447 2590 cogenda
1461 2535 1512 2575 na·

395 2596 467 2647 tura.
480 2593 526 2648 lll.
543 2593 665 2649 Libertas
676 2593 852 2666 personalis,
864 2592 969 2658 civilis,
981 2591 1116 2667 politico.
1128 2593 1163 2648 x.
1172 2594 1261 2648 Prima
1271 2593 1296 2649 in
1307 2595 1439 2651 servando
1450 2595 1511 2652 iura

394 2672 423 2722 et
439 2667 540 2723 decore
560 2670 696 2737 personali
709 2669 761 2724 sita
780 2677 834 2726 est.
849 2669 896 2726 lll.
912 2669 1048 2740 SecundaJ
1064 2668 1091 2722 in
1106 2667 1163 2723 iure
1183 2668 1281 2723 civium
1293 2668 1328 2725 ad
1346 2670 1430 2744 cives.
1446 2669 1509 2726 llll.

394 2742 495 2815 Tertia,
511 2742 538 2797 iu
552 2744 610 2799 iure
630 2744 731 2799 civium
744 2745 779 2802 ad
795 2745 989 2816 imperantem,
1004 2749 1032 2798 et
1045 2743 1176 2800 vicissim.
1193 2743 1268 2798 lllll.
1283 2745 1332 2812 Qui
1353 2749 1431 2815 paret
1443 2743 1509 2824 legi,

394 2817 449 2872 sive
460 2821 590 2874 rationis
602 2817 794 2884 ordinationi,
810 2819 946 2875 liberast.
960 2819 1029 2874 lllll.
1045 2817 1177 2874 Voluntas
1191 2833 1224 2873 ex
1239 2833 1280 2889 se,
1295 2818 1439 2875 arbitrium
1453 2835 1510 2876 non

395 2890 449 2946 lex.
466 2893 521 2951 xv.
536 2892 639 2964 Duplex
652 2893 721 2965 legis
733 2894 908 2950 elementum.
925 2894 994 2951 llVl.
1015 2895 1139 2949 llumana
1158 2893 1236 2962 ratio,
1254 2893 1449 2967 sciscianus,
1467 2893 1509 2949 le-

392 2982 456 3038 gem
470 2984 522 3023 non
536 2969 666 3024 efficient.
682 2970 764 3026 llllll.
780 2971 834 3026 Lex
849 2977 878 3026 et
891 2969 1004 3024 libertas
1017 2969 1104 3023 amice
1119 2967 1323 3024 consociantur.
1338 2969 1433 3032 lllllll.
1451 2969 1508 3024 lm-

392 3044 545 3113 perantium
558 3052 586 3100 ct
599 3044 764 3116 populorum
778 3050 894 3119 meotes,
909 3044 943 3101 ad
957 3043 1045 3116 legem
1060 3049 1199 3100 aeternam
1214 3049 1279 3100 sunl
1292 3043 1505 3102 convertendae.

477 3209 505 3276 l.
525 3211 800 3291 Quemadmodum
816 3211 851 3275 in
867 3209 1077 3292 singulorum,
1093 3209 1139 3275 ita
1153 3208 1188 3272 in
1205 3209 1331 3290 publico
1346 3208 1508 3274 universo-

388 3317 460 3373 rum
482 3301 606 3374 ordine,
629 3317 680 3367 rus
702 3318 787 3368 rons
810 3317 870 3365 nsr
892 3314 1375 3374 incommemoratum
1395 3315 1508 3364 uuna-

386 3403 492 3454 rnrrs.
1281 3451 1286 3460 ,

476 3477 520 3541 11.
539 3475 689 3559 Aequitas
705 3482 752 3541 est
768 3477 915 3560 aequatio
931 3476 979 3542 rei
995 3494 1067 3540 cum
1083 3491 1228 3539 mensura
1244 3475 1389 3558 adquam
1404 3474 1505 3539 reler-

388 3567 452 3627 tur.
468 3565 568 3644 igitur
580 3565 720 3646 aequitas
733 3565 836 3646 legum
850 3565 1060 3629 humanarum
1071 3570 1119 3628 est
1130 3563 1258 3628 illarum
1274 3563 1420 3646 aequatio
1432 3581 1506 3628 cum

387 3653 454 3730 lege
470 3657 600 3716 naturae
616 3653 791 3726 rationalis,
809 3659 961 3736 quatenus
977 3653 1045 3734 ipsa
1060 3653 1187 3716 haustus
1202 3658 1250 3717 est
1265 3653 1315 3716 vel
1329 3651 1507 3716 similitudo

387 3743 535 3804 aeternae
558 3740 635 3821 legis
650 3741 721 3806 Dei.
740 3741 810 3820 Qua
826 3743 925 3824 igitur
937 3743 1068 3806 ratione
1083 3741 1134 3804 lex
1149 3743 1278 3804 aeterna
1301 3744 1350 3804 est
1365 3740 1437 3804 lons
1452 3757 1508 3805 ae·

387 3827 518 3910 quitatis
534 3829 567 3892 iu
583 3830 663 3905 Deo,
681 3831 732 3894 lex
747 3830 815 3911 ipsa
841 3831 993 3895 naturalis
1010 3834 1057 3894 est
1072 3830 1144 3892 lons
1158 3830 1332 3910 proximus,
1352 3845 1370 3891 a
1386 3847 1449 3909 quo
1464 3829 1508 3892 si-

387 3916 432 3990 bi,
450 3917 574 4000 suisque
590 3918 708 3999 legibus
724 3920 771 3984 vel
787 3920 965 3985 actionibus
979 3918 1171 4001 aequitatem
1182 3917 1331 3982 hauriant
1343 3915 1503 3992 homines,

387 4023 557 4089 eorumque
573 4007 806 4088 legumlatorcs.

476 4096 535 4159 lll.
553 4095 648 4174 Hine,
667 4096 810 4161 absolute
833 4096 1001 4180 loquendo,
1018 4094 1283 4179 quemadmodum
1299 4111 1378 4158 unus
1394 4098 1443 4158 est
1457 4093 1508 4157 iu-

386 4187 463 4258 stus,
481 4201 560 4247 rinus
584 4189 720 4261 sanctus
737 4201 817 4249 unus
833 4186 1009 4268 imperator
1031 4183 1175 4246 omnium
1191 4183 1286 4258 Deus3
1304 4183 1349 4246 ita
1365 4181 1506 4264 aequitas

387 4288 461 4346 una,
479 4289 576 4335 unum
593 4272 653 4346 ius,
671 4291 732 4337 una
749 4274 811 4339 lex:
828 4293 845 4334 o
862 4275 920 4338 Est
936 4271 1207 4348 communius,
1221 4288 1284 4353 quo
1300 4271 1447 4338 devincta
1458 4277 1508 4336 est

386 4358 554 4423 homiuum
566 4361 709 4445 societas,
724 4367 756 4426 et
768 4361 852 4446 quod
868 4361 919 4426 lex
933 4359 1103 4427 constituit
1116 4377 1191 4424 una:
1208 4376 1289 4443 quae
1300 4359 1352 4423 lex
1362 4362 1508 4424 ostreata

182 4458 205 4531 lt
230 4457 303 4526 Cic,
324 4457 366 4512 De
386 4448 469 4515 ratio
481 4447 658 4531 imperandi
670 4456 763 4534 atque
775 4449 963 4533 prohibendi
973 4445 1016 4534 1).
1028 4471 1045 4510 n
1055 4446 1292 4530 consequenter
1305 4465 1323 4506 o
1336 4446 1416 4511 illud
1427 4447 1508 4512 stul·

141 4535 220 4610 Leo,
236 4532 259 4606 ¹2
275 4535 318 4591 15.
386 4537 557 4613 tissimum,
578 4538 761 4606 existimare
777 4537 885 4604 omnia
901 4538 983 4606 iusta
998 4555 1077 4612 esse,
1095 4554 1175 4621 quae
1189 4537 1306 4619 scripta
1320 4536 1385 4620 sint
1401 4535 1435 4598 in
1453 4555 1508 4619 po-
