3222 5282
428 319 473 392 ta
874 337 968 388 sanna
984 339 1007 386 ι.
1140 409 1143 420 Ι

384 493 460 563 tres,
477 483 702 566 consanguinei
716 488 748 548 et
760 485 879 548 afflues.
895 483 1011 550 Variae
1022 501 1148 566 quoque
1159 482 1355 565 singulomm
1368 480 1501 548 relatio-

385 593 441 640 nes
455 591 492 640 ac
503 572 747 639 necessitudines
759 573 793 636 in
804 573 991 656 municipio,
1000 573 1173 654 eademque
1183 571 1319 648 ditione,
1333 571 1384 636 vel
1395 572 1431 636 in
1444 588 1501 634 na-

384 662 525 730 tionibus
540 661 580 726 ad
595 660 752 727 nationes.
766 660 854 741 Quae
869 661 1053 727 discrimina
1064 661 1222 727 unitatem
1236 665 1374 735 servant,
1388 678 1456 724 non
1468 678 1501 724 e·

385 751 547 826 liminant3
564 765 686 814 summa
701 749 788 814 enim
805 755 934 816 naturae
951 750 1014 815 lex:
1032 749 1074 814 In
1087 751 1237 828 romaicis
1251 749 1371 814 unitos.
1455 759 1462 769 ·

471 838 547 904 xv.
560 837 789 928 [ludevapparet
805 843 922 920 quanta
933 855 1041 903 rerum
1053 836 1245 904 naturalium
1256 836 1441 919 ignorantia
1457 837 1501 900 la·

383 927 497 992 borant
509 925 756 1001 Communistoe,
770 927 963 1005 Socialistae,
977 931 1011 992 et
1022 944 1094 992 cum
1105 927 1147 991 iis
1158 926 1286 1009 quidam
1297 925 1501 991 inordinatae

384 1015 595 1081 fraternitatis
606 1021 776 1091 amatores,
794 1015 861 1097 qui,
877 1015 980 1081 deleta
995 1015 1085 1080 omni
1099 1015 1186 1080 ciuili
1197 1021 1230 1083 et
1245 1015 1383 1080 naturali
1396 1014 1500 1078 varie-

384 1107 461 1180 tate,
478 1102 630 1182 iamiiiae,
649 1104 773 1168 urbium
787 1110 880 1186 atque
893 1104 1102 1187 imperiorum
1113 1105 1191 1170 fines
1206 1103 1403 1177 exciderent,
1416 1107 1454 1168 ut
1465 1122 1501 1166 u-

386 1191 542 1258 niversum
558 1209 655 1273 genus
666 1193 837 1256 humanum
848 1193 882 1257 in
895 1192 1010 1259 fictitia
1021 1194 1155 1275 quadam
1167 1193 1291 1267 unitate
1302 1196 1497 1258 coerceatur.

383 1281 427 1346 lli
439 1297 564 1364 nempe,
577 1279 604 1345 si
615 1279 774 1346 caelorum
787 1281 956 1364 imperium
970 1287 1248 1364 consequerentur,
1261 1281 1438 1364 planetaria
1451 1299 1501 1364 sy-

382 1373 531 1445 stemata,
544 1374 586 1454 jac
601 1370 703 1434 varias
725 1370 865 1436 siderum
887 1369 1121 1452 magnitudines
1136 1375 1170 1436 et
1186 1369 1499 1445 circumvolutiones,

382 1457 466 1524 unde
482 1458 607 1524 minora
623 1459 797 1540 maioribus
812 1459 966 1535 seruiunt,
988 1458 1157 1541 omniaque
1175 1459 1270 1523 simui
1288 1457 1425 1522 mirifice
1448 1476 1502 1522 eo-

383 1547 545 1630 pulantur,
562 1546 649 1611 dicto
665 1547 842 1614 abolerent.
859 1546 989 1623 Contra,
1005 1548 1100 1618 sicuti
1116 1547 1283 1612 hannonia
1302 1546 1447 1616 caelestis
1462 1564 1501 1610 ex

384 1634 554 1718 multipiici
569 1640 694 1702 constat
709 1635 872 1712 varietate,
887 1653 957 1718 qua·
965 1636 1114 1702 satellites
1131 1637 1216 1702 circa
1235 1635 1436 1717 primarium,
1447 1635 1502 1698 de·

383 1725 458 1788 inde
469 1724 628 1790 satellites·
636 1731 669 1789 et
677 1725 838 1806 primaria
853 1725 955 1790 sidera
970 1725 1054 1790 eima
1069 1725 1171 1790 maius
1182 1723 1337 1807 quoddam
1352 1724 1451 1798 sidus,
1469 1728 1502 1787 et

383 1813 462 1877 haec
468 1813 595 1878 demum
604 1812 688 1877 circa
698 1814 762 1877 alia
772 1819 867 1896 atque
877 1814 940 1878 alia
948 1813 1189 1889 convolvuntur,
1198 1830 1279 1894 quac
1289 1810 1501 1877 tandemom-

384 1899 439 1963 nia
454 1900 667 1979 pulcherrirna
684 1901 876 1981 colligantur
898 1902 1033 1977 unitate:
1051 1901 1096 1967 ita
1112 1901 1265 1976 familiae,
1282 1901 1374 1964 urbes
1388 1905 1423 1967 et
1439 1900 1500 1964 irn-

383 1986 485 2070 peria,
499 1987 587 2054 vario
599 1987 732 2053 unitatis
743 1995 776 2053 et
787 1989 998 2055 fraternitatis
1008 1991 1107 2071 gradu
1119 1989 1379 2055 discriminantur
1389 1993 1424 2054 et
1434 1989 1501 2053 eoi·
1606 2051 1607 2054 ,

385 2075 527 2156 iiguntur
540 2076 575 2140 in
590 2075 697 2151 terrim
714 2076 860 2158 quodque
873 2077 1040 2141 harmonia
1062 2080 1159 2144 efficit
1174 2081 1207 2143 in
1223 2079 1423 2152 caelestibus,
1440 2078 1501 2142 isoc
1606 2093 1607 2116 ¹

385 2163 567 2228 homiuibus
582 2169 720 2247 praestat
734 2165 886 2231 charitas.
903 2165 1061 2242 Charitas,
1081 2168 1222 2252 inquam,
1240 2166 1305 2231 siue
1321 2167 1432 2231 efficax
1447 2166 1503 2229 iile

385 2269 493 2317 sensura
504 2252 559 2335 qui
571 2251 767 2320 voluntatem
782 2252 929 2331 inclinat,
939 2259 976 2320 ut
987 2255 1175 2321 rationalem
1190 2256 1335 2320 ordinem
1347 2272 1424 2335 erga
1435 2272 1506 2318 om·

387 2359 443 2406 nes
456 2341 511 2423 qui
526 2341 670 2406 eamdem
693 2351 840 2408 naturam
862 2343 991 2419 habent,
1016 2346 1160 2412 voluntas
1184 2346 1252 2428 ipsa
1274 2343 1414 2409 fideliter
1429 2359 1505 2407 exe-

387 2433 514 2514 quatur.
1278 2491 1281 2497 .

476 2518 567 2584 xvt.
585 2518 701 2587 Nonne
716 2518 859 2600 pulcher,
873 2525 907 2587 et
921 2518 1052 2587 homine
1067 2521 1192 2602 dignus,
1206 2520 1260 2587 iric
1270 2518 1416 2584 omniurn
1428 2537 1507 2583 con-

386 2609 509 2682 centus,
526 2624 660 2688 quorum
683 2606 860 2683 vinculum,
872 2615 906 2674 et
922 2609 1008 2685 linis,
1026 2614 1059 2675 et
1074 2615 1232 2684 centrum,
1258 2609 1325 2691 ipsa
1340 2613 1390 2673 est
1406 2609 1458 2673 lex
1474 2613 1506 2672 et

385 2694 532 2760 maiestas
547 2696 657 2760 omnia
672 2697 829 2762 moventis
841 2715 876 2762 ac
889 2698 1028 2778 regentis
1044 2698 1119 2762 Deli
1132 2700 1218 2764 ilaec
1229 2699 1330 2779 igitur
1340 2696 1506 2761 societatis

383 2784 576 2851 constitutio
592 2788 626 2850 et
636 2783 890 2850 tundamentum.
905 2787 1041 2852 Plurimi
1053 2803 1123 2850 eam
1138 2787 1294 2851 laboriose
1304 2785 1507 2867 conquisive-

385 2876 472 2946 runt,
492 2876 525 2937 et
540 2872 574 2936 iu
591 2872 697 2938 media
712 2874 781 2938 luoe
803 2874 1032 2955 caligaverunt:
1052 2893 1109 2940 nos
1123 2891 1194 2940 eam
1208 2875 1401 2940 sine-labore
1416 2873 1508 2938 inue-

385 2959 501 3038 nimus,
518 2966 552 3028 et
565 2961 635 3027 siue
651 2961 758 3027 labore
769 2962 946 3028 attulimus.
