3224 5282
598 335 732 386 rrnunos
748 335 805 384 vn.
1154 313 1215 382 ltt

139 480 261 564 aliquid
275 485 309 546 et
323 479 432 546 abradi
448 481 539 547 bonis
553 499 634 565 quae
647 485 812 568 carmine,
821 481 1017 564 gentilitate,
1030 498 1193 548 sacrorum
1208 482 1263 548 de·'

141 571 239 654 nique
253 569 408 652 societate
422 571 623 649 meruissent,
640 589 781 656 quaeque
797 588 962 654 nunquam
976 579 1012 638 ul
1026 571 1133 638 altena
1151 582 1179 638 et
1194 591 1263 654 epe·

139 661 258 739 ronco,
277 660 330 724 sed
344 667 380 723 ut
394 677 465 738 suo,
475 677 654 743 semenque
666 657 866 744 possessuac
877 659 1024 745 deinceps
1036 660 1183 743 proximo
1194 662 1263 728 cui·

138 766 203 832 que
224 747 467 815 transmittenda
482 751 639 834 cepissent
656 750 698 834 1).
718 774 736 815 s
754 749 843 830 Quae
857 747 957 815 Plinii
975 750 1151 834 sententia„
1166 769 1261 835 quam
1313 752 1336 824 ll
1353 750 1464 827 Plinius,
1484 756 1508 811 in

139 838 244 904 aalide
258 839 307 902 ius
322 839 526 922 proprietatis
548 841 630 924 apud
644 841 805 926 Romanos
815 837 1025 921 processisset,
1047 839 1216 922 perstricte
1227 860 1261 908 e·
1271 827 1507 903 P‘imiriwsffl·

139 927 252 993 uincit.
270 927 461 993 lastinianus
478 928 658 994 vicesimam
672 927 861 1006 hereditatis
875 927 1021 994 resecuit.

228 1016 324 1082 XIV.
339 1016 447 1100 Neque
456 1017 525 1082 nlla
541 1018 716 1101 exlegibus
736 1017 868 1100 agrariis
891 1017 1069 1084 difficultas.
1087 1017 1212 1100 Duplex
1227 1039 1261 1086 c-

140 1105 209 1170 nins
225 1110 296 1170 erat
312 1121 399 1184 ager:
415 1108 573 1188 publicus:
590 1108 630 1172 ad
645 1107 874 1192 rempublicam
891 1107 940 1172 vel
956 1106 995 1170 ad
1010 1123 1176 1184 romanum
1190 1127 1261 1174 mn-

138 1194 294 1275 nicipium
310 1199 465 1275 spectans,
483 1197 532 1262 uti
547 1198 631 1278 apud
647 1214 705 1261 nos
716 1195 802 1260 bona
810 1193 1015 1278 municipalia
1031 1197 1079 1262 vel
1098 1197 1261 1263 demanio-

137 1283 194 1359 lla;
212 1285 293 1348 alter
308 1301 381 1348 vero
393 1287 553 1364 moetus,
570 1285 610 1350 ad
625 1286 766 1367 singulos
780 1285 955 1369 pertinens.

228 1378 315 1454 Ager
329 1373 484 1454 publicus,
498 1375 616 1457 populo
634 1391 763 1439 romano
775 1374 914 1450 excluso,
929 1375 1115 1456 opulentum
1128 1374 1192 1440 iam
1204 1394 1260 1459 pa·

135 1461 305 1527 tritiorum
321 1463 436 1544 praeda
452 1468 606 1530 euaserat.
624 1464 715 1530 Plebs
732 1463 833 1546 igitur
845 1471 978 1552 romana
990 1463 1058 1548 agri
1075 1464 1259 1530 illiusdivi·

135 1551 262 1616 sionem
277 1551 449 1632 postulans,
467 1553 501 1618 in
524 1552 665 1636 privatas
679 1553 888 1635 possessiones
913 1548 995 1642 nibil
1010 1553 1170 1634 peccabat.
1188 1549 1258 1620 Huc

136 1639 255 1710 Licinii
268 1641 410 1706 Stolonis
423 1647 457 1708 et
472 1641 689 1710 Gracchorum
706 1642 767 1716 lex,
785 1659 803 1707 a
818 1641 1047 1709 communistis
1060 1642 1142 1730 male
1156 1641 1256 1728 insui

135 1730 351 1810 patrocinium
373 1731 533 1808 adhibita,
559 1731 765 1797 referebatur.
791 1733 857 1799 Nec
881 1729 1013 1798 absurde
1037 1727 1254 1815 undequaque.

135 1819 231 1893 Nam,
249 1819 276 1882 si
292 1818 495 1901 patritiorum
511 1821 649 1894 luxu,1et
664 1819 846 1890 inconditae
860 1819 1053 1904 plebisotio
1070 1836 1106 1885 ac
1121 1817 1255 1904 pauper·

133 1912 213 1981 tate,
236 1925 402 1973 romanum
418 1910 603 1974 concidebat
619 1909 808 1992 imperium:
821 1905 891 1974 'non
908 1913 995 1974 certe
1018 1900 1129 1992 iniqua
1144 1909 1255 1978 luisset

132 1994 188 2059 illa
205 1996 267 2069 lex,
286 2015 365 2081 quae
381 1997 504 2079 plebem
520 1999 646 2080 ignavie
660 2000 859 2084 conlectam,
870 1997 997 2082 parvula
1012 1997 1167 2082 adscripta
1182 2016 1257 2084 pro-

131 2084 281 2166 prietate,
292 2103 311 2150 a
322 2087 530 2154 seditionibus
543 2087 580 2151 ad
593 2089 697 2152 terrae
707 2090 826 2154 cultum
838 2089 870 2154 et
883 2088 1026 2152 laborem
1038 2087 1251 2156 converteret.

132 2173 219 2242 Haec
236 2193 309 2254 pars
322 2176 412 2266 [legis
426 2183 571 2251 externa,
589 2176 693 2241 civilis
707 2183 740 2242 et
755 2177 904 2261 pulchras·
922 2177 976 2244 sed
1000 2177 1108 2242 lorsan
1125 2175 1252 2246 latuisse

130 2263 317 2344 anguem-in
333 2265 441 2341 herba,
461 2286 523 2332 non
547 2266 663 2331 frustra
678 2267 866 2332 coniicimus
882 2285 922 2332 cn
935 2265 1095 2340 Sallustio.
1114 2266 1253 2354 Qui‘illa

131 2357 164 2416 et
180 2353 274 2432 paulo
290 2353 451 2438 superiora
467 2362 623 2438 tempora,
642 2360 715 2436 post
730 2356 868 2423 deletam
885 2374 998 2442 nempe
1012 2353 1250 2436 Carthaginem,

131 2439 177 2504 ita
194 2441 414 2524 descripserat:
435 2446 592 2529 «Exque
609 2449 753 2527 tempore
768 2445 925 2510 maiorum
934 2459 1050 2519 moras,
1066 2463 1128 2509 non
1144 2446 1253 2526 paula·

132 2530 194 2594 tim
209 2535 245 2594 ut
260 2537 365 2607 antea,
382 2533 436 2597 sed
451 2534 603 2599 torrentis
617 2534 711 2598 modo
722 2533 937 2617 praecipitati:
951 2533 1028 2600 adeo
1044 2535 1189 2600 iuventus
1205 2536 1253 2600 lu·

130 2638 173 2683 xu
187 2624 220 2684 et
235 2620 368 2686 avaritia
379 2627 585 2705 corrupta,ut
596 2622 713 2689 merito
726 2623 860 2699 dicatur,
871 2623 995 2705 genitos
1009 2640 1076 2688 esse
1087 2623 1142 2705 qni
1154 2641 1252 2706 neque

130 2709 192 2788 ipsi
205 2709 315 2773 bobm
325 2719 453 2790 possent
473 2729 524 2776 res
538 2711 728 2795 familiares,
745 2730 844 2794 neque
857 2711 949 2776 sacros
960 2713 1030 2792 poti
1046 2711 1091 2796 2).
1111 2713 1250 2799 »Quum
1310 2717 1337 2785 ll
1367 2718 1447 2790 npul
1474 2738 1498 2776 ι.

131 2797 232 2880 igitur
245 2797 308 2879 ipsi
333 2800 415 2863 nibil
429 2799 545 2865 babere
559 2804 700 2883 possent,
710 2801 773 2883 qui
796 2801 950 2866 nimirum
965 2801 1040 2868 luxu
1054 2793 1252 2872 effunderent
1270 2794 1355 2867 lup,
1369 2795 1405 2852 de
1425 2797 1498 2867 css,

130 2887 345 2972 quaecumque
359 2887 431 2954 aliis
445 2895 608 2973 raperent,
628 2907 686 2962 nec
701 2891 780 2955 alios
795 2889 910 2956 habere
923 2889 1119 2972 paterentur;
1137 2891 1253 2958 lorias·
1270 2866 1308 2946 ¹¹²
1325 2873 1370 2928 ¹⁸·

130 2993 165 3040 se
180 2976 220 3038 ab
235 2993 312 3058 agro
335 2979 462 3061 publico
478 2979 632 3062 quaedam
656 2979 784 3045 latentis
798 2979 1022 3054 communismi
1045 2979 1141 3046 initia
1157 2981 1252 3046 duce·

129 3064 257 3131 bantur.
280 3064 449 3144 ContrarIa
469 3068 576 3152 itaque
591 3067 754 3135 Ciceronis
777 3069 953 3151 praevaluit
973 3068 1144 3134 sententie:
1170 3071 1251 3135 adeo

128 3155 354 3220 communismi
371 3174 583 3240 quaecumque
598 3157 720 3222 semina
735 3158 1015 3240 praecanebantur.
1029 3158 1105 3224 Non
1120 3174 1202 3238 ergo
1213 3159 1247 3224 in

132 3243 253 3325 legibus
273 3246 419 3326 agrariis,
437 3246 512 3312 licet
527 3247 660 3312 sortasse
682 3245 899 3312 munsterum
917 3250 1036 3320 mente,
1048 3247 1248 3334 “communis-

131 3349 201 3411 mns
216 3333 355 3408 delituit.
366 3334 426 3402 Sed
441 3354 543 3419 neque
557 3335 687 3400 inbelle
699 3335 807 3401 rendili
819 3335 866 3400 rel
880 3333 1073 3418 sociali:quo
1085 3329 1189 3417 aliqua
1202 3336 1248 3424 ln-

129 3420 246 3486 borum
261 3423 406 3502 remissio
421 3425 648 3508 postulabatur.
662 3425 730 3490 Hoc
741 3430 849 3490 tamen
861 3421 1090 3508 malum,.qqod
1101 3423 1132 3490 vi
1147 3430 1181 3495 et
1196 3443 1248 3490 nr·

129 3511 192 3576 mis
208 3512 243 3575 in
258 3512 404 3578 domium
420 3515 466 3579 vel
483 3514 518 3578 in
534 3514 763 3594 rempublicam
777 3511 953 3587 uterentur,
967 3512 1054 3578 unde
1069 3513 1199 3596 rapinae
1214 3519 1248 3582 et

127 3600 314 3676 seditiones,
325 3619 483 3688 nunquam
495 3603 684 3686 populorum
696 3602 837 3684 aequitas
848 3602 895 3669 vel
907 3601 1044 3668 felicitas
1054 3603 1244 3670 extiterunt.

219 3688 473 3767 assuetorum,
491 3710 703 3776 quaecumque
718 3697 799 3757 esset
814 3693 918 3776 legum
930 3691 1094 3767 iactantia,
1108 3691 1251 3786 eminens

128 3779 308 3844 dominium
322 3779 511 3863 reipublicae
526 3780 786 3856 adscribentium,
805 3781 852 3846 ius
869 3780 1074 3865 proprietatis
1096 3779 1198 3846 firmis
1214 3799 1248 3844 a·

129 3867 191 3931 deo
207 3867 364 3933 radicibus
379 3871 559 3936 adoleverat
574 3870 656 3953 apud
669 3871 842 3946 Romanos,
860 3877 895 3935 ut
910 3869 1061 3936 scriberet
1077 3868 1201 3948 Cicero,
1214 3871 1247 3944 in

1 3977 3 3993 =
130 3975 170 4021 ee
187 3957 341 4030 servando
357 3976 393 4022 ac
410 3960 527 4024 tuendo
538 3959 794 4026 adlaborandum
809 3977 876 4024 esse
897 3959 927 4024 ei
942 3959 997 4042 qui
1021 3959 1248 4047 rempublicam

129 4050 267 4126 gereret:
288 4066 305 4105 n
324 4047 488 4130 Inprimis
504 4053 622 4123 autem,
637 4047 752 4130 inquit,
764 4049 933 4114 videndum
949 4053 999 4114 est
1009 4048 1039 4114 ei
1054 4050 1110 4131 qui
1122 4065 1248 4131 rempu-

129 4133 246 4199 blicam
261 4135 508 4211 administrabit,
525 4142 566 4204 ut
585 4155 676 4202 suum
689 4137 822 4222 quisque
847 4140 967 4214 teneat,
986 4155 1087 4220 neque
1109 4137 1143 4202 in
1158 4136 1250 4203 bonis

128 4215 325 4306 privatorum
340 4225 464 4308 publice
479 4225 656 4292 deminutio
672 4226 730 4291 liat
744 4223 788 4310 3).
806 4223 990 4296 »Doctrina
1005 4242 1079 4291 vero
1095 4227 1134 4291 de
1150 4226 1251 4291 bono-
1297 4226 1405 4305 Μία,
1424 4229 1489 4308 Oss.

128 4329 199 4376 rum
216 4313 420 4394 aequalitate,
432 4313 552 4380 nullam
566 4333 634 4381 esse
648 4314 730 4380 dixit
742 4315 1049 4396 perniciosiorerirzn
1063 4313 1132 4396 Qua
1145 4321 1247 4397 peste,
1269 4303 1304 4376 ¹¹2
1319 4305 1367 4362 ²¹·

127 4417 208 4483 quae
223 4407 327 4484 potest
348 4419 418 4467 esse
430 4402 556 4470 maiori
570 4401 609 4489 d)
627 4427 645 4467 n
661 4403 795 4479 ilerum,
811 4404 840 4469 si
853 4404 1173 4487 prudentissimorum
1189 4423 1249 4472 vox
1299 4403 1327 4481 4)
1341 4408 1407 4468 lbid.

126 4495 160 4555 et
177 4490 282 4572 legum
299 4492 455 4575 sapientia
473 4494 507 4557 in
523 4493 590 4558 dies
606 4493 705 4574 magis
722 4493 914 4575 proprietati
930 4493 1088 4567 favebant,
1102 4496 1178 4556 tunc
1193 4511 1249 4576 ρο,

126 4578 284 4645 tissimum
296 4581 489 4648 seditionum
502 4601 597 4649 vorax
611 4583 708 4650 libido
720 4581 865 4649 civilibus
876 4582 974 4648 armis
989 4583 1076 4650 illam
1087 4581 1249 4664 remedie·
