3224 5282
422 305 486 370 152
847 323 1004 372 moeurs.

375 468 448 543 ctis,
466 487 550 533 anno
565 465 644 543 455,
663 465 878 534 restrictiones
900 469 975 533 illae
988 465 1221 547 abrogabantur
1235 466 1391 533 Marciani
1407 467 1488 550 lege,

376 576 457 641 qnae
472 563 558 624 extat
573 557 611 621 ad
628 557 746 621 calcem
759 555 887 623 Codicis
902 557 1120 634 Theodosiani.
1362 564 1366 570 '

401 701 406 708 .
466 647 526 713 IX.
541 646 646 726 Quum
660 646 708 709 ius
720 649 873 725 naturale,
885 663 965 730 quae
977 645 1069 711 vellet
1081 645 1211 725 quisque
1221 644 1287 707 lieo
1300 645 1438 722 dicandi,
1450 648 1494 712 le-

378 753 416 817 ge
427 735 514 800 civili
527 734 707 800 libertatem
718 752 804 800 suam
817 736 996 818 recepisset,
1008 753 1082 816 opes
1095 733 1267 806 Ecclesiae,
1285 739 1419 816 propter
1432 736 1494 800 lar-

379 826 514 906 gitiones
529 823 710 907 principum
726 829 759 889 et
775 825 871 906 leges,
884 825 965 888 mire
980 820 1399 914 exercuerant.Constcntini
1412 830 1496 890 eius·

379 930 661 995 quesuocessorum
671 910 1496 996 magnificentiamprosecutisuntEusebiuselTheo-

378 1005 506 1068 doretus
521 1003 555 1066 in
566 1003 710 1067 Historia
726 1003 949 1078 ecclesiastica,
967 1019 994 1066 s.
1006 1001 1197 1066 Athanasius
1209 1001 1242 1064 in
1252 1003 1408 1084 Apologia
1420 1023 1495 1069 con·

379 1099 428 1156 tra
441 1093 578 1155 Arianos
589 1096 621 1157 et
633 1092 666 1155 in
679 1091 871 1156 Arianorum
882 1091 1028 1163 historia,
1043 1091 1225 1155 Anastasius
1234 1089 1497 1158 Bibliothecarius

380 1181 414 1245 in
427 1181 503 1244 Vita
519 1197 545 1244 s.
565 1179 728 1262 sylvestri,
747 1180 981 1254 Thomassinus,
998 1177 1170 1258 Ciampini,
1190 1179 1318 1264 aliique.
1332 1182 1414 1245 Auri
1428 1184 1498 1263 plu-

382 1266 1496 1352 rimamaediurnetagrorum:gratitudinisetiustitiae,potiusquam

380 1374 486 1422 merae
502 1356 727 1422 beneticentiae
742 1375 832 1439 opus.
849 1357 1004 1423 Suadebat
1017 1358 1102 1420 euim
1116 1357 1290 1436 gratitudo,
1303 1363 1339 1422 ut
1351 1364 1496 1440 praemia

381 1446 501 1510 terrent
516 1445 672 1520 laborum,
690 1447 745 1530 qui
759 1445 822 1509 tide
833 1447 1013 1511 etmoribus
1028 1445 1223 1512 ferocientes
1230 1446 1334 1528 plebes
1349 1448 1499 1514 institue·

381 1535 469 1599 bant.
487 1533 619 1600 lubebat
629 1539 739 1600 autem
755 1535 889 1612 iustitia,
908 1538 943 1600 ut
959 1539 1137 1616 martyrum
1152 1535 1234 1598 bona
1246 1554 1325 1616 quae
1338 1537 1431 1602 fiscus
1446 1541 1499 1604 ab-

380 1628 546 1698 sumserat,
564 1642 603 1688 ex
618 1628 820 1705 praesumpta
842 1624 986 1705 ipsorum
1002 1624 1175 1698 voluntate,
1193 1623 1412 1691 deficientibus
1427 1647 1500 1693 suc·

378 1709 565 1786 cesseritis,
582 1713 741 1780 Ecclesiae
755 1712 1009 1780 restituerentur.

470 1802 515 1867 X.
532 1801 668 1883 Legibus
684 1807 791 1867 autem
804 1802 836 1867 1.
847 1806 973 1867 caverat
984 1799 1222 1875 Constantinus,
1236 1805 1271 1865 ut
1282 1801 1364 1866 bona
1376 1810 1501 1890 marty-

382 1909 453 1954 rum
468 1896 501 1957 et
516 1891 731 1955 contessomm
743 1892 797 1974 qui
809 1896 901 1956 antea
912 1889 981 1954 sine
995 1888 1139 1970 cognatis
1151 1907 1191 1952 ex
1201 1891 1266 1954 rita
1278 1893 1499 1970 excessissent,

160 1981 362 2056 tlEnseh.,Vl·
383 1979 422 2044 ad
433 1980 596 2044 ecclesiam
613 1981 763 2061 cuiusque
779 1979 841 2045 loci
857 1979 1055 2061 pertinerent
1073 1976 1114 2061 1).
1130 1980 1162 2042 E.
1177 1982 1272 2042 Anno
1288 1977 1367 2055 412,
1385 1987 1501 2050 statuit

135 2065 170 2115 ‘a
187 2060 296 2131 00484,
326 2056 361 2130 ¹¹2
385 2068 603 2146 llonoriusut,
614 2069 781 2133 haereticis
795 2070 941 2151 expulsis,
952 2067 1271 2132 eorumecclesiarum
1284 2069 1365 2133 bona
1377 2090 1502 2152 posscs-

139 2137 186 2190 36·
383 2158 466 2242 sioni
479 2156 660 2222 Catholicae
674 2158 832 2222 Ecclesiae
848 2157 1093 2230 vindicarentur,
1110 2157 1162 2220 eui
1177 2174 1286 2220 revera
1303 2175 1321 2220 a
1336 2163 1502 2226 testatori-

138 2206 360 2340 ffiicffid’ffffoe}
386 2247 441 2311 hus
453 2246 562 2311 relicta
577 2246 702 2311 lucrant
717 2245 760 2331 2).
776 2245 808 2312 3.
819 2246 973 2329 Supponit
989 2248 1039 2312 lex
1053 2245 1192 2310 eiusdem
1203 2246 1350 2322 Honorii,
1367 2249 1431 2314 lata
1446 2269 1503 2314 an·

137 2303 191 2431 ,ἑὲ
201 2331 247 2415 sl’.
279 2301 286 2340 ¹
353 2327 360 2355 ²
387 2354 427 2399 no
443 2333 522 2409 415,
540 2336 692 2417 quaedam
705 2339 895 2430 templorum
908 2352 1103 2417 paganorum
1115 2334 1196 2398 bona
1209 2337 1248 2399 ad
1256 2336 1431 2402 Ecclesiam
1444 2339 1503 2404 Ca-

156 2438 182 2500 31
207 2435 288 2510 thid,
315 2432 360 2490 lili.
386 2424 537 2488 tholicam
549 2425 738 2506 pertinuisse
750 2423 793 2508 dl:
805 2425 885 2489 iuste
897 2425 997 2505 igitur
1007 2425 1046 2488 ad
1058 2423 1233 2489 Ecclesiam
1244 2428 1500 2492 revertebantur.

137 2510 207 2578 xvl,
239 2513 283 2568 tit.
318 2515 359 2583 ¹0,
384 2510 417 2578 4.
431 2513 622 2578 Theodosius
639 2512 746 2578 lunior
760 2515 872 2578 statuit
886 2531 969 2577 anno
980 2510 1058 2585 434,
1073 2510 1104 2596 4)
1117 2516 1153 2576 ut
1166 2512 1247 2576 bona
1263 2515 1500 2597 episcoporum,

136 2586 259 2718 'emh
313 2660 349 2717 lb
383 2602 580 2677 clericorum,
595 2602 892 2684 religiosorum‚qui
903 2603 1046 2705 intestati
1057 2601 1271 2704 decessissent,
1282 2604 1502 2670 adEcclesiam

176 2662 360 2732 '
381 2691 1503 2862 tricesimarius‘crustumeriumilerd

382 2868 480 2933 multa
493 2867 676 2933 fruebantur
686 2868 832 2936 sodalitia
845 2871 878 2933 in
891 2870 1029 2950 imperio
1041 2869 1189 2943 admissa,
1200 2887 1280 2950 quae
1293 2870 1327 2932 iu
1340 2873 1503 2936 membro-

382 2975 598 3022 rum-suorum
616 2957 698 3021 bona
712 2959 930 3031 succedebant,
948 2963 1045 3039 prout
1067 2957 1213 3022 observat
1228 2959 1453 3025 Thomassiuus
1470 2967 1502 3026 et

377 3044 1501 3217 §Ellrdlldllldittaldtlhttltldlr,hill

380 3225 427 3288 sia
445 3224 491 3290 rel
509 3225 699 3291 monasterio
716 3227 839 3297 relicto,
857 3225 896 3288 ad
912 3225 1069 3288 saeculum
1084 3225 1240 3304 redirent,
1255 3227 1396 3307 ipsorum
1415 3228 1499 3292 bona

379 3313 537 3378 Ecclesiae
553 3315 601 3378 vel
613 3315 804 3379 monasterio
812 3314 1047 3378 addicerentur.
1056 3313 1173 3396 Siquis
1184 3333 1258 3403 vero
1268 3317 1435 3381 ecclesiam
1446 3335 1500 3381 ae-

380 3402 624 3477 diliearevellet,
634 3404 776 3468 redditus
787 3402 961 3488 assignaret
972 3403 1083 3486 quibus
1097 3405 1281 3469 necessariis
1292 3406 1439 3488 expensis
1449 3424 1499 3470 sa-

396 3511 405 3553 ι
515 3536 524 3554 .

380 3497 393 3556 t
407 3492 529 3643 stierlitl.
544 3581 773 3662 Imperatorum
786 3579 877 3647 lactis
889 3581 935 3645 vel
952 3581 1083 3662 legibus,
1094 3580 1127 3645 in
1141 3581 1252 3664 quibus
1265 3582 1343 3647 nihil
1355 3585 1440 3664 quod
1451 3584 1498 3648 iu·

379 3667 501 3732 stitiam
515 3687 577 3732 non
592 3670 730 3734 maxime
741 3669 863 3745 deceat,
877 3670 1071 3752 privatomm
1087 3671 1274 3735 donationes
1285 3681 1494 3738 accesserant.

381 3757 453 3822 ltlos
467 3756 554 3820 enim
570 3766 639 3826 erat
656 3765 691 3824 ut
706 3759 845 3842 episcopi
861 3759 908 3824 vel
924 3759 1085 3833 monachi,
1101 3760 1182 3823 bona
1198 3779 1252 3825 sua
1267 3761 1428 3828 Ecclesiae
1448 3763 1494 3829 rel

381 3953 456 4027 pino,
469 3953 603 4010 neminem
616 3954 730 4012 inveniat
746 3977 758 4008 a
777 3955 879 4020 (Serra.
890 3958 955 4032 355,
967 3955 1033 4012 alias
1046 3955 1083 4014 de
1095 3956 1219 4017 deauco
1229 3955 1288 4030 19).
1301 3957 1405 4014 Laudat
1418 3959 1494 4016 dein·

381 4028 527 4087 delectum
541 4030 641 4087 Aurelii
655 4031 883 4104 Carthaginiensis
902 4033 1032 4103 episcopi:
1051 4054 1062 4083 n
1078 4035 1190 4101 Quidam
1212 4049 1275 4089 cum
1289 4033 1357 4090 lilios
1378 4050 1430 4092 uon
1449 4035 1496 4090 ha·

381 4105 458 4161 heret
472 4121 559 4178 neque
573 4112 707 4177 speraret,
719 4123 763 4163 res
778 4125 840 4164 suae
853 4124 958 4178 omnes,
970 4115 1074 4165 retento
1088 4105 1136 4166 s'ibi
1150 4110 1303 4181 usulructu,
1321 4109 1431 4167 donarit
1442 4111 1493 4165 Ec·

380 4180 489 4238 clesiae.
504 4181 563 4238 Nati
577 4189 640 4239 sont
653 4182 691 4239 illl
706 4183 761 4254 tilii,
776 4191 804 4240 at
817 4183 935 4241 reddidit
950 4185 1095 4255 episcopus
1110 4201 1161 4241 nec
1175 4185 1292 4256 opinanti
1310 4200 1382 4256 quae
1398 4183 1436 4241 illi
1447 4183 1496 4241 do·

381 4264 500 4313 neverat.
517 4259 546 4315 ln
561 4264 696 4328 potestate
709 4259 823 4316 habebat
841 4261 986 4331 episcopus
1000 4277 1053 4316 non
1068 4261 1196 4331 reddere,
1213 4262 1260 4316 sed
1283 4262 1341 4316 iure
1356 4260 1418 4332 lori,
1442 4276 1492 4316 uon

380 4334 436 4390 iure
451 4332 512 4403 poli.
532 4355 543 4385 n
560 4336 648 4403 Quum
659 4350 786 4405 suprema
799 4337 901 4392 iustitia
912 4337 946 4391 sit
960 4336 1065 4405 religio,
1080 4336 1215 4408 quomodo
1226 4337 1283 4406 ipsc
1298 4335 1429 4391 iustitiam
1442 4351 1493 4391 aon

381 4408 531 4481 adamaret,
548 4426 601 4466 noo
616 4409 730 4480 coleret,
747 4426 798 4465 nou
811 4425 876 4481 prae
890 4426 920 4466 se
934 4410 1033 4467 ferreti
1045 4414 1128 4469 Recte
1141 4411 1174 4468 ad
1189 4411 1402 4471 Valentinianum
1425 4412 1492 4466 scri·

379 4483 459 4541 bebat
472 4501 496 4540 s.
511 4485 679 4616 Ambrpsius:
699 4507 710 4536 a
727 4483 796 4542 llalo
810 4501 860 4542 nos
873 4488 988 4558 pecnnia
999 4488 1116 4552 minores
1130 4503 1202 4561 esse,
1215 4503 1297 4562 quam
1316 4487 1403 4559 gratia
1418 4509 1429 4537 ι
1447 4490 1492 4562 (E-

381 4563 450 4630 ptet.
470 4563 513 4633 te,
530 4576 557 4615 n.
577 4564 587 4616 l
613 4562 632 4633 t.
