3238 5282
425 311 488 390 190
873 343 1018 394 ιιιιιιιι.

377 501 395 552 a
411 489 531 570 pietate
548 507 663 554 nomen
677 491 764 557 tulit.
777 479 939 558 Romanae
953 508 1088 575 namque
1100 493 1277 563 matronae,
1287 505 1385 569 quum
1398 488 1438 551 ab
1449 503 1509 550 un·

377 577 511 659 guiculis
519 594 680 643 servorum
690 581 1082 657 cruciatibus,etcruentis
1093 578 1302 660 gladiatorum
1312 574 1508 659 pugnisdo-

378 666 422 729 mi
438 671 471 730 et
486 667 526 730 in
536 668 748 749 amphiteatro
761 671 981 744 insuevisscnt,
998 670 1077 733 adeo
1094 670 1127 732 in
1143 666 1274 750 ancillas
1289 666 1435 730 animum
1452 665 1508 728 ob

375 755 561 828 duruerant,
579 762 614 822 ut
629 757 663 822 in
678 775 731 829 cas¹
746 761 883 840 impetus
899 764 931 824 et
947 759 1137 841 cupiditates
1153 773 1233 838 quae
1245 753 1400 819 muliebre
1416 755 1508 836 inge·

378 846 468 908 nium
484 849 611 923 vexant,
624 846 863 920 ulciscerentur.
872 849 944 916 Non
958 847 1143 915 Gratiarum
1159 845 1332 910 dexteritas
1343 851 1399 909 aut
1412 861 1509 908 venu-

377 938 441 1008 stas
457 933 633 999 effecissent
649 940 684 1020 ut
699 938 816 1012 malam
827 937 1015 1020 quandoque
1026 935 1206 1017 despoticae
1218 933 1443 998 dominatricis
1456 951 1509 997 vo-

378 1022 549 1094 luntatem,
568 1024 717 1107 lacrymis
727 1030 760 1091 et
774 1027 928 1108 sanguine
939 1025 1138 1090 miserrimae
1153 1042 1217 1089 non
1233 1023 1408 1087 solverent.
1424 1021 1460 1088 Si
1475 1020 1509 1084 in

378 1111 480 1176 comis
492 1116 547 1176 aut
560 1112 697 1176 vestibus
709 1115 936 1198 componendis
946 1113 1023 1197 quid
1031 1113 1201 1177 minimum
1212 1111 1444 1192 displicuisset,
1454 1111 1510 1175 do-

380 1217 468 1265 mrna
483 1201 617 1266 acrculas
630 1220 661 1266 ιιι
674 1204 807 1268 ancillae
814 1222 936 1277 carnes,
947 1204 981 1268 in
996 1202 1147 1281 brachiis,
1160 1204 1194 1266 in
1206 1206 1348 1284 pectore,
1365 1199 1434 1264 suis
1445 1200 1510 1282 ipsa

380 1290 526 1354 manibus
542 1289 704 1372 infigebat.
724 1292 825 1369 Alias,
842 1293 967 1375 capillis
981 1307 1143 1373 suspensa,
1167 1288 1287 1356 tamdiu
1306 1281 1509 1362 caedebatur,

381 1378 482 1443 donec
496 1378 680 1462 aspicientis
692 1385 725 1447 et
736 1383 901 1464 gaudentis
912 1380 1065 1448 dominae
1077 1397 1139 1444 vox
1153 1378 1328 1444 audiretur:
1347 1378 1436 1444 Bene
1456 1386 1512 1454 cst·

158 1473 363 1549 litidedatt·
384 1469 463 1533 sotis
481 1466 522 1549 1).
855 1529 858 1534 ,
1391 1513 1394 1520 .
1440 1501 1445 1510 ·

133 1554 208 1618 tane,
219 1567 258 1646 qn
270 1553 363 1607 matt·
479 1556 523 1620 X.
539 1556 582 1621 Hi
600 1575 639 1622 ne
653 1559 739 1625 cives
753 1576 794 1623 an
811 1559 953 1624 barbari?
970 1560 1052 1633 lmo,
1069 1574 1166 1622 aureo
1180 1554 1266 1638 quod
1282 1554 1448 1638 appellant
1462 1571 1513 1618 ar-

135 1629 187 1685 ’⁸⁶⁶
205 1626 294 1684 “m'‘
305 1625 362 1683 da·
381 1645 462 1712 tiurn
479 1663 515 1710 ac
530 1646 711 1719 litterarum
725 1648 958 1722 saeculo,·haec
973 1647 1211 1726 contingebant.
1227 1644 1318 1710 Adeo
1329 1644 1511 1708 humanitas

135 1718 183 1760 ’Μ
199 1705 363 1836 ἑοΐῗξῖξ
381 1735 628 1801 abhumanitatc
640 1736 928 1812 recesseratlllaec,
939 1736 1096 1813 atrolela
1106 1732 1510 1818 philosophiaetiurispm·

132 1794 231 1909 ξαζῐζ
267 1819 273 1833 ’
319 1794 333 1834 ⁰
381 1823 490 1894 dentia
505 1824 741 1905 praestiterant,
754 1843 847 1911 quac,
865 1826 1003 1891 naturali
1017 1825 1144 1890 unitate
1159 1828 1193 1889 et
1204 1822 1399 1906 aequalitate
1410 1821 1512 1908 bomi-

156 1868 174 1927 Ε
383 1929 457 1976 num
472 1912 632 1993 despecta,
645 1914 875 2004 proprietatem
887 1915 1028 1980 hominis
1038 1914 1073 1978 in
1084 1911 1250 1978 hominem
1260 1910 1510 1984 constituebant,

381 2017 489 2064 servos
505 2006 610 2066 autem
626 2020 689 2067 non
706 2003 792 2069 inter
806 2004 952 2069 homines
967 2004 1123 2068 sedinter
1136 2019 1188 2066 res
1204 2006 1237 2067 et
1252 1999 1512 2081 vilissimaquae-

383 2106 444 2169 que
460 2088 611 2154 animalia
626 2099 860 2159 accensuerant.
879 2093 1046 2158 Declarato
1061 2091 1169 2173 itaque
1183 2088 1347 2174 servitutis
1362 2088 1464 2164 lacto,
1478 2087 1511 2152 in

385 2176 434 2242 ius
449 2177 660 2260 inquiramus,
670 2197 725 2244 seu
742 2181 775 2244 in
791 2181 970 2247 doctrinam
979 2183 1055 2246 eti'n
1071 2181 1156 2261 leges
1167 2177 1251 2243 unde
1262 2181 1330 2242 tarn
1338 2177 1512 2242 exitiosum

386 2264 419 2329 in
435 2266 581 2348 gentibus
597 2266 715 2333 iactum
727 2269 895 2335 extiterat.
910 2270 992 2337 Nam
1005 2288 1045 2335 ex
1056 2269 1137 2335 ideis
1149 2284 1266 2332 mores:
1276 2263 1447 2348 corruptus
1459 2283 1513 2330 au-

385 2359 452 2420 tern
467 2373 537 2420 mos
552 2357 585 2420 in
601 2351 767 2435 societate,
784 2377 929 2424 errorem
944 2360 1051 2443 arguit
1064 2359 1098 2424 in
1113 2355 1267 2423 doctrinis
1281 2351 1397 2442 quibus
1412 2355 1512 2420 socie-

385 2448 435 2509 tas
453 2443 658 2512 iniormatur.

446 2611 448 2616 Ι
471 2533 535 2614 ulll.
554 2534 680 2617 Duplex
693 2535 794 2617 igitur
808 2536 906 2603 veluti
919 2537 1088 2603 hominum
1099 2551 1199 2618 genus
1211 2532 1413 2614 philosophia
1425 2537 1512 2598 vetus

383 2621 561 2692 effinxerat:
571 2641 679 2688 servos
690 2631 722 2690 et
734 2626 859 2691 liberos.
869 2626 960 2692 Viles
978 2627 1039 2702 illi,
1050 2631 1084 2691 et
1099 2644 1117 2692 a
1130 2626 1205 2690 love
1215 2623 1286 2704 ipso
1297 2613 1456 2689 damnati.
1466 2626 1511 2688 A·

148 2715 361 2792 elodpohvl.
385 2707 491 2775 nirhae
506 2712 674 2796 dimidium
689 2715 785 2780 servis
801 2717 932 2784 abstulit
947 2716 1082 2798 Iupiter,
1099 2713 1146 2779 ait
1161 2713 1319 2778 Homerus
1335 2705 1380 2794 2').
1393 2713 1512 2776 llome·

152 2804 180 2870 a)
205 2807 247 2861 lte
266 2810 334 2879 Lep.
355 2844 362 2875 ,
384 2817 456 2863 rum
468 2802 631 2882 appellans
647 2803 742 2869 Plato
749 2825 758 2869 τ
778 2825 795 2864 o
813 2805 904 2871 Nihil
922 2805 955 2870 in
971 2805 1069 2868 servis
1092 2802 1226 2884 integri,
1243 2801 1326 2865 nihil
1340 2801 1410 2864 sani
1427 2799 1472 2885 3).
1490 2825 1509 2863 s

134 2879 206 2938 Vffl·
383 2890 588 2954 Aristotelest
608 2912 626 2951 «
644 2891 690 2957 Ea
705 2893 831 2958 ratione
847 2912 907 2977 qua
924 2912 943 2972 a
958 2898 1073 2958 natura
1089 2891 1259 2974 imperium
1274 2889 1428 2954 asseritur
1444 2890 1510 2955 viro

384 2976 419 3042 in
436 2979 617 3055 mulierem,
631 2979 739 3046 animo
752 2982 787 3045 in
803 3001 929 3064 eorpus,
944 2982 1068 3047 homini
1084 2981 1118 3044 in
1136 2980 1266 3058 belluas,
1280 2977 1399 3044 artifici
1415 2979 1451 3043 in
1463 2981 1512 3044 in-

382 3072 610 3144 strumentum
629 3070 675 3134 ita
692 3071 800 3135 liberis
814 3071 848 3134 in
864 3090 982 3136 servos.
1002 3095 1020 3134 a
1038 3069 1178 3150 Docebat
1192 3069 1291 3146 enim,
1309 3067 1460 3133 homines
1474 3068 1512 3134 ab

383 3155 565 3222 hominibus
580 3158 659 3224 adeo
675 3157 815 3236 differre,
827 3164 863 3225 ut
879 3162 917 3225 ab
932 3160 1040 3224 animo
1051 3176 1182 3240 corpus,
1196 3159 1235 3222 ab
1246 3157 1378 3223 homine
1393 3155 1509 3232 bellua,

383 3247 423 3310 ab
438 3247 561 3312 artlllce
577 3248 901 3333 instrumentumque
917 3250 985 3333 ip'se
999 3249 1114 3314 utitur.
1129 3248 1281 3331 Adeoque
1296 3245 1377 3310 alios
1393 3245 1434 3310 ad
1450 3246 1511 3314 irn-

157 3338 185 3410 tt
200 3338 332 3414 Potttc„
342 3340 363 3413 l,
383 3335 608 3417 perium,alios
624 3337 664 3401 ad
679 3338 865 3404 servitutem
883 3337 1070 3404 naturaliter
1084 3334 1210 3419 genitos
1222 3331 1266 3418 lt).
1280 3333 1389 3401 »Sunt
1401 3335 1459 3418 qui
1470 3339 1513 3400 h·

143 3419 168 3489 ¹2
182 3418 211 3472 ³·
383 3423 562 3489 ristotelem
578 3431 741 3491 excusent:
758 3429 813 3492 sed
830 3429 960 3492 trustra.
978 3427 1011 3493 si
1027 3425 1158 3507 imperii
1172 3441 1304 3506 capaces
1318 3424 1412 3499 alios,
1431 3425 1513 3489 alios

384 3509 549 3593 incapaces
564 3513 706 3588 dixisset,
717 3521 803 3582 recte
813 3517 955 3599 quidem:
966 3516 1027 3580 hoc
1039 3516 1126 3579 enim
1139 3516 1172 3578 in
1187 3513 1316 3587 militia,
1328 3512 1510 3588 inertibus,

384 3599 418 3662 in
434 3601 576 3665 scientiis
588 3603 706 3667 evenit.
718 3602 778 3668 Sed
790 3606 876 3674 aliud
889 3605 1024 3687 efferupt
1034 3603 1216 3687 philosophi
1230 3602 1324 3667 verba
1336 3606 1370 3666 et
1381 3608 1513 3668 contex-

164 3686 193 3760 5)
223 3685 266 3741 Cf·
300 3683 365 3740 Bel·
383 3691 446 3752 tus:
461 3691 604 3754 naturale
620 3691 743 3757 scilicet
759 3693 809 3757 ius
824 3694 999 3768 servitutis,
1018 3693 1109 3775 quale
1120 3691 1294 3757 habebatur
1305 3689 1338 3754 in
1352 3689 1449 3756 iactis
1469 3691 1510 3774 b).

136 3775 207 3834 ”¹⁰⁸2
237 3759 264 3818 ll
290 3763 333 3817 ΡΥ
334 3776 365 3816 ⁰·
385 3775 494 3842 Posito
509 3782 616 3843 autem
625 3779 692 3868 'hoc
705 3780 784 3846 iuris
796 3781 1091 3867 principio,quihus
1102 3780 1385 3861 legibusinserros
1397 3779 1512 3847 Graeci

134 3842 366 3984 {ffiwffi
383 3869 562 3944 uterentur,
581 3867 674 3933 lacile
688 3867 862 3974 colligitur,
871 3871 941 3976 ‘etsi
955 3871 1038 3936 lacta
1053 3869 1157 3970 gentis
1166 3868 1405 3971 delitescerent..
1470 3958 1477 3972 ο

136 3954 1512 4132 tellus,1„llellltlthlttthttt⁰tlldl⁰tllltlhli‘ll:

383 4136 455 4204 tuta
470 4136 636 4218 pecoribus
650 4136 783 4219 aliisque
797 4140 888 4203 rebus
900 4137 1075 4221 fructiferis
1089 4141 1320 4207 accenseretur,
1329 4153 1391 4216 pro
1403 4137 1512 4218 aequis

382 4224 547 4306 sequentia
562 4224 759 4291 habebantur
772 4226 852 4290 iuris
862 4229 978 4312 capita,
989 4243 1069 4309 quae
1081 4225 1210 4306 collegit
1222 4229 1254 4290 et
1266 4224 1425 4305 disposuit
1436 4224 1513 4291 Coc-

383 4311 524 4379 ceius.1.
541 4313 664 4390 Servus,
683 4319 845 4398 tamquam
859 4315 1004 4382 criminis
1019 4333 1103 4388 reus,
1125 4313 1239 4392 occidi,
1259 4312 1365 4386 vendi,
1383 4313 1510 4388 donari,

383 4401 494 4484 legari,
513 4401 561 4467 vel
577 4419 678 4467 noxae
693 4401 762 4466 dari
778 4409 897 4484 potest.
911 4407 945 4471 2.
960 4405 1028 4470 lloc
1043 4421 1147 4476 sensu,
1166 4407 1273 4467 reruni
1287 4404 1321 4466 et
1336 4400 1511 4467 bestiamm

384 4489 454 4556 loco
469 4491 614 4558 habetur,
633 4488 667 4555 3.
681 4490 801 4557 servile
816 4498 910 4576 caput
923 4494 1043 4558 nullum
1059 4492 1107 4556 ius
1117 4491 1226 4566 habet,
1241 4489 1356 4556 nullius
1372 4490 1455 4556 iuris
1466 4497 1512 4556 est

383 4597 493 4664 capax,
511 4580 577 4643 imo
594 4578 711 4644 mrllam
727 4598 896 4662 personam
911 4582 1017 4660 habet,
1037 4581 1177 4664 adeoque
1193 4579 1328 4645 mortuis
1343 4571 1511 4662 compara·
