3228 5280
564 277 761 328 TlTlJLus'lll.
1110 259 1175 326 317

89 422 227 509 perium
243 421 283 486 iis
297 425 421 488 tantum
434 427 651 504 quaepatent.
662 423 697 492 si
710 425 873 509 utriusque
885 442 964 506 opus
976 425 1126 509 adspiret,
1141 445 1221 491 non-

90 532 138 578 ne
152 512 296 577 securior
310 512 375 575 erit
385 511 512 576 civitas?
522 514 582 578 iiic
593 531 668 579 vero
681 513 760 578 nihil
773 531 844 578 cum
857 515 1068 598 inquisitione
1079 533 1221 581 commn-

92 621 153 668 ne:
170 601 205 666 in
221 600 410 675 haereticos,
422 600 519 666 veluti
531 620 603 666 reos
614 603 740 666 divinae
752 604 939 678 maiestatis,
951 621 1084 687 poenam
1096 605 1222 686 sangui-

93 692 151 764 nis
167 691 311 757 tulerunt
325 689 547 770 imperatores,
563 709 625 756 non
637 691 790 766 Ecclesia:
809 692 989 776 hispanicae
1002 693 1221 774 inquisitionis

94 797 260 854 excessus,
271 777 445 843 Pontifices
456 781 610 861 expressis
621 781 739 848 litteris
751 784 1011 864 reprobaverunt.
1023 782 1220 855 Generatim,

95 875 138 934 ut
151 871 192 933 de
203 866 416 948 inquisitione
432 869 562 932 verbum
577 869 756 946 afferamus,
774 889 870 952 quunr
887 871 941 935 illa
957 876 1066 936 exorta
1079 875 1139 947 est,
1158 889 1222 934 non

96 959 142 1023 de
155 959 264 1041 aliquo
278 974 401 1030 errore,
419 957 473 1020 sed
488 957 528 1021 de
539 960 693 1023 servanda
710 959 861 1040 agebatur
876 963 1040 1026 societate:
1055 960 1119 1024 iam
1135 960 1223 1023 enim

100 1053 225 1112 extunc
232 1045 402 1110 haereticis
409 1046 586 1110 eommunis
598 1053 668 1112 erat
679 1047 1103 1127 insurrectioinEcclesiam,
1118 1049 1152 1112 in
1164 1049 1225 1113 im-

97 1137 209 1220 peria,
223 1140 316 1216 atque
328 1135 361 1199 in
378 1135 575 1211 societatem
586 1137 671 1218 quod
682 1137 795 1202 deinde
807 1138 1142 1222 opusProtestantium
1155 1137 1226 1218 plu·

100 1227 209 1290 rimae
224 1228 328 1288 sactae
342 1230 527 1305 prosecutae
542 1229 627 1290 sunt.
646 1227 729 1308 ipsa,
747 1245 840 1311 quam
854 1243 916 1291 non
934 1228 1106 1302 laudamus,
1121 1227 1225 1309 hispa-

96 1315 175 1379 nica
193 1311 419 1395 inquisitione,
437 1330 458 1377 a
470 1314 591 1380 Mauris
606 1313 757 1398 Hispania
773 1316 877 1385 libera
903 1317 1015 1392 evasit,
1034 1335 1092 1380 nec
1108 1317 1222 1381 Prote-

104 1404 313 1469 stantismum
328 1401 476 1483 suscepit,
495 1419 513 1464 a
529 1421 590 1484 quo
606 1403 839 1469 ardentioribus
855 1403 952 1468 armis
966 1410 999 1469 et
1009 1405 1159 1469 caedibus
1174 1423 1226 1468 su·

102 1493 197 1557 bacta
213 1491 336 1555 luisset.
354 1490 401 1555 De
416 1489 475 1555 hac
489 1491 626 1556 Baimcs:
642 1513 660 1552 n
672 1493 865 1560 Nostramne
878 1493 968 1557 nobis
985 1492 1224 1559 intolerantiam

105 1583 157 1646 vel
170 1580 335 1645 feritatem
351 1578 506 1644 obiicient
517 1579 634 1645 exterit
646 1582 892 1664 Respondemus,
906 1583 982 1646 dum
994 1581 1150 1663 religiosis
1162 1581 1228 1645 bel·

108 1671 151 1734 lis
162 1671 291 1751 Europa
307 1667 460 1750 sanguine
475 1668 707 1751 aspergebatur,
724 1671 878 1752 Hispania
891 1674 959 1735 erat
971 1670 1005 1734 in
1016 1689 1104 1753 pace.
1116 1669 1227 1752 Quoad

105 1759 267 1833 victimas,
278 1756 476 1822 civilissimus
487 1762 597 1838 gentes
608 1759 807 1823 Britanniam
820 1764 852 1824 et
860 1759 995 1826 Galliam
1007 1777 1224 1840 provocamus,

108 1853 147 1914 ut
158 1865 230 1913 suas
244 1864 355 1911 eorum
371 1851 551 1928 tempomm
566 1845 718 1912 historias
727 1846 895 1914 ostendant
909 1852 941 1915 et
952 1847 1131 1913 conferant:
1141 1865 1229 1912 com·

111 1936 315 2019 parationem
333 1933 753 2021 nonpertimebimus1).n
873 1931 875 1936 ’
1268 1935 1419 2008 llssalnes,
1449 1933 1475 1992 1l

169 2091 172 2096 ,
205 2023 296 2090 xlv.
314 2022 383 2089 Hoc
396 2041 495 2088 unum
507 2025 661 2090 volumus:
674 2025 813 2090 divinam
831 2024 1080 2100 ordinationem,
1091 2043 1163 2090 cum
1175 2044 1231 2109 po-
1256 2012 1416 2070 Caeruleis.
1432 2026 1475 2067 ⁰⁰·

113 2112 264 2196 palorum
278 2112 430 2187 utilitate,
440 2117 477 2180 ut
487 2113 645 2179 Ecclesiae
656 2114 889 2197 atquelmpcrii
901 2114 1069 2180 concordia
1085 2133 1144 2197 pro
1156 2131 1233 2196 gen·
1253 2088 1383 2174 llxxvii.
1401 2086 1476 2219 aff·

112 2204 196 2268 tium
212 2202 340 2284 publico
360 2200 431 2266 iure
453 2203 677 2278 constituatur,
694 2205 803 2269 iubere
820 2207 853 2268 et
872 2204 1085 2286 expostulare:
1101 2202 1232 2270 Constat
1252 2165 1387 2296 ἓῖξῑζζῤ
1402 2237 1423 2292 p
1431 2167 1482 2294 15⁶„

112 2309 155 2356 ex
169 2291 275 2357 dictis.
292 2291 385 2358 Nunc
397 2290 553 2358 addimus:
572 2293 739 2375 popularia
754 2290 912 2372 regimina
928 2293 1044 2373 maiori
1061 2293 1162 2358 adhuc
1177 2309 1230 2357 ur·
1254 2319 1329 2388 quas.
1345 2328 1466 2388 emm,

116 2380 186 2461 geri
204 2379 402 2447 necessitate.
871 2439 877 2446 ,

202 2470 277 2536 XV.
295 2468 414 2551 lligent
429 2469 517 2534 enim
529 2469 581 2534 illa
593 2469 774 2548 virtutibus,
789 2469 1074 2553 aitMontcsquicu.
1085 2470 1184 2556 Atqui
1195 2489 1232 2535 u·

112 2558 221 2622 binam
238 2559 339 2623 virtus
353 2559 423 2623 sine
437 2558 615 2641 religione?
630 2560 800 2641 Popularia
816 2577 957 2642 quaeque
976 2559 1147 2641 regimina,
1164 2560 1228 2625 vir-

112 2647 194 2712 tutis
209 2647 335 2712 deiectu
350 2647 567 2713 conciderunt.
585 2652 672 2713 Ante
688 2653 721 2713 et
736 2653 809 2730 post
824 2648 1059 2726 Cromwellum,
1073 2668 1090 2708 c
1103 2648 1231 2713 Britan·

114 2737 167 2800 nia
183 2737 307 2819 ingenti
323 2742 418 2819 atqua
434 2736 587 2801 inellicaci
602 2740 719 2802 conatu
729 2737 955 2802 democratiam
972 2736 1183 2818 quaesiverat,
1198 2742 1231 2803 et

116 2844 179 2889 non
195 2825 332 2900 invenit,
351 2825 490 2890 vanitate
506 2826 571 2890 iam
587 2825 693 2890 omnia
710 2827 902 2908 possidente,
920 2831 1015 2907 atque
1030 2825 1171 2890 factione
1182 2825 1230 2891 ia-

113 2915 252 2980 ctioncm
268 2914 467 2995 impellente:
486 2914 519 2977 in
535 2915 637 2997 priori
653 2913 760 2997 itaque
775 2920 807 2983 et
822 2916 973 2980 damnato
997 2915 1154 2996 regimine
1170 2914 1243 2980 ite--

113 3021 183 3068 rum
200 3003 342 3070 consedit
358 3001 402 3087 2).
422 3024 440 3064 n
456 3003 530 3070 Non
546 3002 608 3067 alia
624 3021 708 3069 nunc
721 3022 826 3079 causa,
844 3003 1034 3087 populorum
1047 3003 1147 3084 plagis
1163 3003 1230 3085 pla·
1275 2996 1299 3070 ll
1319 2995 1452 3090 dantesq.
1469 3038 1477 3065 t

114 3107 168 3173 gas
181 3091 270 3156 addit
284 3090 479 3156 democratia
494 3108 574 3176 pura
590 3093 638 3156 vel
655 3093 765 3166 mixta,
785 3093 846 3157 nisi
861 3092 936 3176 quia
952 3091 1052 3156 virtus
1068 3109 1138 3156 cum
1155 3093 1230 3156 reli·
1250 3069 1400 3146 espa-atde
1409 3068 1477 3141 ‘⁰²³2

113 3181 208 3261 gione
223 3179 352 3245 deiecit.
370 3179 462 3260 Quod
479 3179 608 3244 tandem
620 3181 787 3247 Britannia
803 3183 869 3265 ipsa
882 3179 1052 3254 intellexit,
1063 3179 1230 3262 religionis
1252 3150 1301 3222 ¹¹¹²
1318 3150 1345 3202 3.

111 3287 185 3333 suae
195 3268 340 3351 reliquiis
352 3269 488 3334 ilrmitcr
499 3268 678 3345 inhaerens;
689 3271 764 3334 dum
776 3271 852 3334 alibi
866 3269 938 3333 noni
946 3268 1091 3333 immines
1100 3269 1229 3350 religio-

111 3376 196 3433 nem,
213 3356 342 3422 subdola
359 3358 407 3436 vel
423 3363 532 3438 aperta
544 3359 762 3439 persecutione
778 3358 980 3432 insectantes,
997 3358 1163 3441 popularia
1175 3377 1226 3423 rc·

111 3447 230 3528 gimina
242 3447 282 3511 ad
293 3446 459 3512 interitum
472 3450 596 3527 urgent.
605 3444 1005 3514 lmbecilleslBritanniam
1017 3444 1163 3521 adorant,
1174 3464 1228 3528 ge·

111 3536 297 3608 nullectunt,
310 3540 344 3601 et
356 3553 419 3600 non
434 3535 616 3600 imitantur.
627 3534 706 3614 Quis
718 3536 785 3601 illic
796 3535 974 3618 convicium
988 3535 1022 3600 in
1037 3535 1227 3616 religionem

109 3623 265 3708 proieretl
279 3623 543 3708 Alibiquodnam
555 3623 618 3688 vile
629 3624 807 3689 convicium
818 3626 902 3708 quod
914 3624 948 3687 in
960 3623 1149 3708 religionem
1163 3643 1226 3688 non
1326 3643 1332 3652 ’

110 3712 244 3778 recidat?
259 3714 301 3779 Hi
314 3719 419 3779 autem
433 3729 506 3778 cum
521 3711 675 3794 religione
691 3713 854 3789 virtutem,
866 3719 982 3779 etcum
999 3715 1116 3778 virtute
1131 3713 1227 3777 liber-

110 3805 206 3866 tatem
222 3802 395 3884 perimunt,
413 3807 533 3867 etcum
549 3801 695 3874 libertate
710 3802 880 3886 imperium
896 3801 1057 3867 excidunt.
1071 3803 1138 3870 Nec
1155 3802 1228 3869 Sta-

109 3895 174 3955 tum
191 3891 277 3956 iuvat
294 3892 412 3972 legibus
435 3891 603 3973 quamdam
618 3891 755 3956 scribere
774 3892 975 3974 religionem:
993 3891 1116 3958 vanitas
1138 3892 1225 3956 enim

111 3983 157 4044 est
172 3978 285 4061 religio
302 3979 422 4061 legalis,
437 3996 536 4063 aeque
548 3998 585 4046 ac
599 3980 737 4047 charitas
752 3981 875 4062 legalis.
893 3981 956 4049 Res
972 3979 1026 4044 illa
1039 3985 1087 4045 cst
1103 3979 1226 4045 animo-

110 4085 192 4143 rum,
203 4070 241 4133 ad
253 4086 331 4154 quos
344 4067 623 4152 legibushumanis
639 4068 743 4135 nullus
753 4075 841 4154 patet
853 4087 1005 4136 accessus:
1016 4069 1166 4133 suadetur
1177 4068 1225 4132 di-

110 4157 236 4234 vinitus,
256 4175 318 4223 non
334 4157 517 4224 humanitus
532 4157 718 4240 imperatur.
733 4161 844 4242 ltaque
856 4159 1103 4262 regiminqquae
1119 4155 1159 4220 ad
1171 4156 1224 4219 de·

111 4247 294 4314 mocratiam
304 4246 471 4322 inclinant,
479 4253 512 4313 ct
520 4246 707 4328 religionem
717 4253 913 4332 oppugnant,
929 4249 992 4312 non
1005 4247 1220 4318 infirmantur,

109 4335 160 4400 sed
175 4341 303 4402 mortua
318 4342 402 4403 sunt:
420 4337 557 4406 belluam
574 4336 738 4402 exsolvant
754 4355 790 4402 ac
806 4337 965 4411 nutriunt,
982 4353 1000 4398 a
1014 4350 1077 4417 qua
1093 4334 1224 4397 devora-

109 4425 236 4491 buntur.
253 4426 326 4495 Non
342 4430 483 4510 suspecta
499 4424 687 4491 auctoritate
703 4426 930 4492 concludimus:
946 4445 963 4484 n
978 4421 1131 4490 Graeciae
1143 4419 1225 4502 poli-

109 4513 174 4593 tici,
192 4515 226 4580 in
243 4516 401 4599 regimine
413 4515 572 4600 populari,
582 4533 646 4580 non
659 4513 745 4584 aliud
759 4533 854 4599 quam
871 4514 905 4580 in
919 4512 1049 4589 virtute,
1064 4511 1224 4593 imperan-
