<?xml version="1.0" encoding="UTF-8"?>
<!DOCTYPE html PUBLIC "-//W3C//DTD XHTML 1.0 Transitional//EN"
    "http://www.w3.org/TR/xhtml1/DTD/xhtml1-transitional.dtd">
<html xmlns="http://www.w3.org/1999/xhtml" xml:lang="en" lang="en">
 <head>
  <title>
</title>
<meta http-equiv="Content-Type" content="text/html;charset=utf-8" />
  <meta name='ocr-system' content='tesseract 3.04.00' />
  <meta name='ocr-capabilities' content='ocr_page ocr_carea ocr_par ocr_line ocrx_word'/>
</head>
<body>
  <div class='ocr_page' id='page_1' title='image "./iurisnaturaeetg01audigoog_0159.png"; bbox 0 0 3224 5282; ppageno 0'>
   <div class='ocr_carea' id='block_1_1' title="bbox 409 304 992 378">
    <p class='ocr_par' dir='ltr' id='par_1_1' title="bbox 409 304 992 378">
     <span class='ocr_line' id='line_1_1' title="bbox 409 304 992 378; baseline 0.002 -6"><span class='ocrx_word' id='word_1_1' title='bbox 409 304 473 374; x_wconf 84' lang='lat'><strong>138</strong></span> <span class='ocrx_word' id='word_1_2' title='bbox 847 326 942 378; x_wconf 85' lang='grc' dir='ltr'>ιιιιι</span> <span class='ocrx_word' id='word_1_3' title='bbox 957 325 992 376; x_wconf 93' lang='grc' dir='ltr'><strong>ιι.</strong></span> 
     </span>
    </p>
   </div>
   <div class='ocr_carea' id='block_1_2' title="bbox 359 467 1485 826">
    <p class='ocr_par' dir='ltr' id='par_1_2' title="bbox 359 467 1485 826">
     <span class='ocr_line' id='line_1_2' title="bbox 450 467 1485 556; baseline 0.007 -19"><span class='ocrx_word' id='word_1_4' title='bbox 450 474 510 544; x_wconf 85' lang='lat' dir='ltr'><strong>lll.</strong></span> <span class='ocrx_word' id='word_1_5' title='bbox 526 475 577 539; x_wconf 88' lang='lat' dir='ltr'><strong>lus</strong></span> <span class='ocrx_word' id='word_1_6' title='bbox 592 491 668 554; x_wconf 77' lang='lat' dir='ltr'><strong>ergo</strong></span> <span class='ocrx_word' id='word_1_7' title='bbox 684 467 893 556; x_wconf 89' lang='lat' dir='ltr'><strong>proprietatis</strong></span> <span class='ocrx_word' id='word_1_8' title='bbox 907 467 992 549; x_wconf 83' lang='lat' dir='ltr'><strong>eum,</strong></span> <span class='ocrx_word' id='word_1_9' title='bbox 1007 471 1139 547; x_wconf 84' lang='lat' dir='ltr'><strong>ineunte</strong></span> <span class='ocrx_word' id='word_1_10' title='bbox 1153 474 1373 542; x_wconf 88' lang='lat' dir='ltr'><strong>llomanomm</strong></span> <span class='ocrx_word' id='word_1_11' title='bbox 1383 478 1485 545; x_wconf 89' lang='lat' dir='ltr'><strong>ditio-</strong></span> 
     </span>
     <span class='ocr_line' id='line_1_3' title="bbox 360 561 1483 652; baseline 0.004 -25"><span class='ocrx_word' id='word_1_12' title='bbox 360 581 411 634; x_wconf 91' lang='grc' dir='ltr'><strong>ιι,</strong></span> <span class='ocrx_word' id='word_1_13' title='bbox 427 581 490 626; x_wconf 91' lang='lat' dir='ltr'><strong>non</strong></span> <span class='ocrx_word' id='word_1_14' title='bbox 503 581 543 628; x_wconf 88' lang='grc' dir='ltr'><strong>ιιι</strong></span> <span class='ocrx_word' id='word_1_15' title='bbox 554 563 623 626; x_wconf 91' lang='lat' dir='ltr'><strong>iure</strong></span> <span class='ocrx_word' id='word_1_16' title='bbox 634 564 682 628; x_wconf 90' lang='lat' dir='ltr'><strong>vel</strong></span> <span class='ocrx_word' id='word_1_17' title='bbox 692 561 995 644; x_wconf 77' lang='lat' dir='ltr'><strong>lactosingulorum,</strong></span> <span class='ocrx_word' id='word_1_18' title='bbox 1009 564 1063 627; x_wconf 89' lang='lat' dir='ltr'><strong>sed</strong></span> <span class='ocrx_word' id='word_1_19' title='bbox 1074 583 1113 630; x_wconf 82' lang='lat' dir='ltr'><strong>ex</strong></span> <span class='ocrx_word' id='word_1_20' title='bbox 1123 566 1289 629; x_wconf 90' lang='lat' dir='ltr'><strong>communi</strong></span> <span class='ocrx_word' id='word_1_21' title='bbox 1300 565 1414 632; x_wconf 90' lang='lat' dir='ltr'><strong>bellica</strong></span> <span class='ocrx_word' id='word_1_22' title='bbox 1427 585 1483 652; x_wconf 93' lang='lat' dir='ltr'><strong>ap-</strong></span> 
     </span>
     <span class='ocr_line' id='line_1_4' title="bbox 360 651 1483 734; baseline 0.006 -20"><span class='ocrx_word' id='word_1_23' title='bbox 360 651 763 734; x_wconf 82' lang='lat' dir='ltr'><strong>prehenstoneduceretor,</strong></span> <span class='ocrx_word' id='word_1_24' title='bbox 780 669 875 733; x_wconf 90' lang='lat' dir='ltr'><strong>penes</strong></span> <span class='ocrx_word' id='word_1_25' title='bbox 890 651 1119 733; x_wconf 74' lang='lat' dir='ltr'><strong>rempublicam</strong></span> <span class='ocrx_word' id='word_1_26' title='bbox 1135 657 1218 728; x_wconf 76' lang='lat' dir='ltr'><strong>erat,</strong></span> <span class='ocrx_word' id='word_1_27' title='bbox 1232 654 1293 721; x_wconf 88' lang='lat' dir='ltr'><strong>Sed</strong></span> <span class='ocrx_word' id='word_1_28' title='bbox 1309 653 1409 734; x_wconf 90' lang='lat' dir='ltr'><strong>brevi,</strong></span> <span class='ocrx_word' id='word_1_29' title='bbox 1425 674 1483 721; x_wconf 91' lang='lat' dir='ltr'><strong>na-</strong></span> 
     </span>
     <span class='ocr_line' id='line_1_5' title="bbox 359 739 1484 826; baseline 0.006 -22"><span class='ocrx_word' id='word_1_30' title='bbox 359 747 448 804; x_wconf 90' lang='lat' dir='ltr'><strong>turae</strong></span> <span class='ocrx_word' id='word_1_31' title='bbox 464 759 556 805; x_wconf 89' lang='lat' dir='ltr'><strong>sensu</strong></span> <span class='ocrx_word' id='word_1_32' title='bbox 572 739 795 816; x_wconf 76' lang='lat' dir='ltr'><strong>invalescente,</strong></span> <span class='ocrx_word' id='word_1_33' title='bbox 817 759 853 804; x_wconf 91' lang='lat' dir='ltr'><strong>re</strong></span> <span class='ocrx_word' id='word_1_34' title='bbox 868 745 901 804; x_wconf 90' lang='lat' dir='ltr'><strong>et</strong></span> <span class='ocrx_word' id='word_1_35' title='bbox 916 741 1001 806; x_wconf 86' lang='lat' dir='ltr'><strong>iacto</strong></span> <span class='ocrx_word' id='word_1_36' title='bbox 1014 742 1193 825; x_wconf 74' lang='lat' dir='ltr'><strong>proprietas</strong></span> <span class='ocrx_word' id='word_1_37' title='bbox 1214 743 1255 807; x_wconf 87' lang='lat' dir='ltr'><strong>ad</strong></span> <span class='ocrx_word' id='word_1_38' title='bbox 1274 743 1414 826; x_wconf 78' lang='lat' dir='ltr'><strong>singulos</strong></span> <span class='ocrx_word' id='word_1_39' title='bbox 1430 761 1484 810; x_wconf 86' lang='lat' dir='ltr'><strong>ao-</strong></span> 
     </span>
    </p>
   </div>
   <div class='ocr_carea' id='block_1_3' title="bbox 275 828 1482 916">
    <p class='ocr_par' dir='ltr' id='par_1_3' title="bbox 275 828 1482 916">
     <span class='ocr_line' id='line_1_6' title="bbox 275 828 1482 916; baseline 0.003 -22"><span class='ocrx_word' id='word_1_40' title='bbox 275 847 277 852; x_wconf 73' lang='grc'>’</span> <span class='ocrx_word' id='word_1_41' title='bbox 360 828 611 896; x_wconf 72' lang='grc' dir='ltr'>ιιιιιιιιι·ιῑιιι</span> <span class='ocrx_word' id='word_1_42' title='bbox 631 835 795 913; x_wconf 76' lang='lat' dir='ltr'><strong>pectorum</strong></span> <span class='ocrx_word' id='word_1_43' title='bbox 814 829 1031 900; x_wconf 67' lang='lat' dir='ltr'><strong>solemnitates</strong></span> <span class='ocrx_word' id='word_1_44' title='bbox 1054 837 1087 896; x_wconf 91' lang='lat' dir='ltr'><strong>et</strong></span> <span class='ocrx_word' id='word_1_45' title='bbox 1109 833 1351 898; x_wconf 77' lang='lat' dir='ltr'><strong>sacramentalia</strong></span> <span class='ocrx_word' id='word_1_46' title='bbox 1375 834 1482 916; x_wconf 79' lang='lat' dir='ltr'><strong>legum</strong></span> 
     </span>
    </p>
   </div>
   <div class='ocr_carea' id='block_1_4' title="bbox 359 918 1484 1717">
    <p class='ocr_par' dir='ltr' id='par_1_4' title="bbox 359 918 1484 1269">
     <span class='ocr_line' id='line_1_7' title="bbox 362 918 1483 997; baseline 0.005 -14"><span class='ocrx_word' id='word_1_47' title='bbox 362 919 466 994; x_wconf 84' lang='lat' dir='ltr'><strong>verba,</strong></span> <span class='ocrx_word' id='word_1_48' title='bbox 470 918 685 996; x_wconf 89' lang='lat' dir='ltr'><strong>dominiorum</strong></span> <span class='ocrx_word' id='word_1_49' title='bbox 695 919 916 985; x_wconf 87' lang='lat' dir='ltr'><strong>translationes</strong></span> <span class='ocrx_word' id='word_1_50' title='bbox 924 919 1148 985; x_wconf 90' lang='lat' dir='ltr'><strong>molestissime</strong></span> <span class='ocrx_word' id='word_1_51' title='bbox 1156 921 1328 997; x_wconf 85' lang='lat' dir='ltr'><strong>afficerent</strong></span> <span class='ocrx_word' id='word_1_52' title='bbox 1333 922 1483 988; x_wconf 89' lang='lat' dir='ltr'><strong>nimiam-</strong></span> 
     </span>
     <span class='ocr_line' id='line_1_8' title="bbox 361 1006 1484 1092; baseline 0.004 -20"><span class='ocrx_word' id='word_1_53' title='bbox 361 1027 422 1091; x_wconf 88' lang='lat' dir='ltr'><strong>que</strong></span> <span class='ocrx_word' id='word_1_54' title='bbox 437 1008 597 1092; x_wconf 89' lang='lat' dir='ltr'><strong>partem,</strong></span> <span class='ocrx_word' id='word_1_55' title='bbox 587 1027 622 1074; x_wconf 92' lang='grc' dir='ltr'><strong>ιι</strong></span> <span class='ocrx_word' id='word_1_56' title='bbox 633 1009 812 1074; x_wconf 88' lang='lat' dir='ltr'><strong>sanciendis</strong></span> <span class='ocrx_word' id='word_1_57' title='bbox 828 1008 942 1090; x_wconf 89' lang='lat' dir='ltr'><strong>pactis,</strong></span> <span class='ocrx_word' id='word_1_58' title='bbox 956 1006 1147 1090; x_wconf 90' lang='lat' dir='ltr'><strong>reipublicae</strong></span> <span class='ocrx_word' id='word_1_59' title='bbox 1163 1009 1390 1078; x_wconf 90' lang='lat' dir='ltr'><strong>adscriberent</strong></span> <span class='ocrx_word' id='word_1_60' title='bbox 1400 1010 1484 1078; x_wconf 89' lang='lat' dir='ltr'><strong>Sen-</strong></span> 
     </span>
     <span class='ocr_line' id='line_1_9' title="bbox 359 1097 1484 1180; baseline 0.004 -18"><span class='ocrx_word' id='word_1_61' title='bbox 359 1101 421 1163; x_wconf 87' lang='lat' dir='ltr'><strong>sim</strong></span> <span class='ocrx_word' id='word_1_62' title='bbox 434 1115 508 1163; x_wconf 90' lang='lat' dir='ltr'><strong>vero</strong></span> <span class='ocrx_word' id='word_1_63' title='bbox 520 1097 619 1163; x_wconf 90' lang='lat' dir='ltr'><strong>etiam</strong></span> <span class='ocrx_word' id='word_1_64' title='bbox 630 1097 685 1162; x_wconf 88' lang='lat' dir='ltr'><strong>ille</strong></span> <span class='ocrx_word' id='word_1_65' title='bbox 696 1097 853 1164; x_wconf 89' lang='lat' dir='ltr'><strong>taediosus</strong></span> <span class='ocrx_word' id='word_1_66' title='bbox 864 1113 900 1161; x_wconf 89' lang='lat' dir='ltr'><strong>ac</strong></span> <span class='ocrx_word' id='word_1_67' title='bbox 912 1097 1042 1180; x_wconf 89' lang='lat' dir='ltr'><strong>puerilis</strong></span> <span class='ocrx_word' id='word_1_68' title='bbox 1054 1098 1268 1165; x_wconf 89' lang='lat' dir='ltr'><strong>iormulismus</strong></span> <span class='ocrx_word' id='word_1_69' title='bbox 1280 1100 1418 1166; x_wconf 84' lang='lat' dir='ltr'><strong>naturali</strong></span> <span class='ocrx_word' id='word_1_70' title='bbox 1429 1119 1484 1166; x_wconf 87' lang='lat' dir='ltr'><strong>ae·</strong></span> 
     </span>
     <span class='ocr_line' id='line_1_10' title="bbox 361 1179 1104 1269; baseline 0.003 -19"><span class='ocrx_word' id='word_1_71' title='bbox 361 1187 483 1269; x_wconf 81' lang='lat' dir='ltr'><strong>quitata</strong></span> <span class='ocrx_word' id='word_1_72' title='bbox 497 1179 712 1268; x_wconf 72' lang='lat' dir='ltr'><strong>subigebatur</strong></span> <span class='ocrx_word' id='word_1_73' title='bbox 1099 1219 1104 1228; x_wconf 96' lang='lat'>·</span> 
     </span>
    </p>

    <p class='ocr_par' dir='ltr' id='par_1_5' title="bbox 361 1274 1483 1717">
     <span class='ocr_line' id='line_1_11' title="bbox 466 1274 1481 1358; baseline 0.004 -19"><span class='ocrx_word' id='word_1_74' title='bbox 466 1275 524 1339; x_wconf 83' lang='lat' dir='ltr'><strong>tv.</strong></span> <span class='ocrx_word' id='word_1_75' title='bbox 543 1275 614 1341; x_wconf 85' lang='lat' dir='ltr'><strong>Duo</strong></span> <span class='ocrx_word' id='word_1_76' title='bbox 629 1275 708 1341; x_wconf 82' lang='lat' dir='ltr'><strong>baec</strong></span> <span class='ocrx_word' id='word_1_77' title='bbox 722 1276 891 1349; x_wconf 88' lang='lat' dir='ltr'><strong>elementa,</strong></span> <span class='ocrx_word' id='word_1_78' title='bbox 919 1275 952 1339; x_wconf 93' lang='lat' dir='ltr'><strong>iu</strong></span> <span class='ocrx_word' id='word_1_79' title='bbox 968 1274 1100 1358; x_wconf 87' lang='lat' dir='ltr'><strong>antiquo</strong></span> <span class='ocrx_word' id='word_1_80' title='bbox 1115 1275 1198 1340; x_wconf 93' lang='lat' dir='ltr'><strong>illo</strong></span> <span class='ocrx_word' id='word_1_81' title='bbox 1188 1293 1271 1351; x_wconf 88' lang='lat' dir='ltr'><strong>rure,</strong></span> <span class='ocrx_word' id='word_1_82' title='bbox 1288 1278 1481 1343; x_wconf 85' lang='lat' dir='ltr'><strong>secernenda</strong></span> 
     </span>
     <span class='ocr_line' id='line_1_12' title="bbox 361 1357 1483 1447; baseline 0.002 -17"><span class='ocrx_word' id='word_1_83' title='bbox 361 1369 447 1430; x_wconf 88' lang='lat' dir='ltr'><strong>sunt</strong></span> <span class='ocrx_word' id='word_1_84' title='bbox 471 1357 836 1443; x_wconf 78' lang='lat' dir='ltr'><strong>sememonteliuoerbu,</strong></span> <span class='ocrx_word' id='word_1_85' title='bbox 861 1381 997 1447; x_wconf 87' lang='lat' dir='ltr'><strong>quorum</strong></span> <span class='ocrx_word' id='word_1_86' title='bbox 1012 1364 1039 1429; x_wconf 88' lang='lat' dir='ltr'><strong>si</strong></span> <span class='ocrx_word' id='word_1_87' title='bbox 1055 1383 1153 1429; x_wconf 91' lang='lat' dir='ltr'><strong>uuum</strong></span> <span class='ocrx_word' id='word_1_88' title='bbox 1167 1366 1313 1431; x_wconf 85' lang='lat' dir='ltr'><strong>deesset</strong></span> <span class='ocrx_word' id='word_1_89' title='bbox 1302 1385 1336 1430; x_wconf 91' lang='grc' dir='ltr'><strong>ιι</strong></span> <span class='ocrx_word' id='word_1_90' title='bbox 1352 1372 1483 1433; x_wconf 85' lang='grc' dir='ltr'>ιοιιιι-</span> 
     </span>
     <span class='ocr_line' id='line_1_13' title="bbox 361 1453 1483 1537; baseline 0.002 -18"><span class='ocrx_word' id='word_1_91' title='bbox 361 1454 463 1519; x_wconf 92' lang='lat' dir='ltr'><strong>bcndo</strong></span> <span class='ocrx_word' id='word_1_92' title='bbox 468 1453 692 1537; x_wconf 87' lang='lat' dir='ltr'><strong>,proprietatis</strong></span> <span class='ocrx_word' id='word_1_93' title='bbox 706 1453 872 1520; x_wconf 89' lang='lat' dir='ltr'><strong>translatio</strong></span> <span class='ocrx_word' id='word_1_94' title='bbox 888 1472 952 1519; x_wconf 94' lang='lat' dir='ltr'><strong>non</strong></span> <span class='ocrx_word' id='word_1_95' title='bbox 957 1453 1199 1536; x_wconf 85' lang='lat' dir='ltr'><strong>perficiebatur·</strong></span> <span class='ocrx_word' id='word_1_96' title='bbox 1211 1459 1244 1520; x_wconf 89' lang='grc' dir='ltr'><strong>ιι</strong></span> <span class='ocrx_word' id='word_1_97' title='bbox 1255 1457 1416 1521; x_wconf 81' lang='lat' dir='ltr'><strong>naturalis</strong></span> <span class='ocrx_word' id='word_1_98' title='bbox 1428 1474 1483 1521; x_wconf 89' lang='lat' dir='ltr'><strong>ue-</strong></span> 
     </span>
     <span class='ocr_line' id='line_1_14' title="bbox 361 1539 1482 1626; baseline 0.004 -19"><span class='ocrx_word' id='word_1_99' title='bbox 361 1545 476 1626; x_wconf 82' lang='lat' dir='ltr'><strong>qua&#39;tus.</strong></span> <span class='ocrx_word' id='word_1_100' title='bbox 494 1544 581 1609; x_wconf 85' lang='lat' dir='ltr'><strong>Duae</strong></span> <span class='ocrx_word' id='word_1_101' title='bbox 597 1539 719 1626; x_wconf 85' lang='lat' dir='ltr'><strong>pariter</strong></span> <span class='ocrx_word' id='word_1_102' title='bbox 733 1543 949 1609; x_wconf 92' lang='lat' dir='ltr'><strong>dominiorum</strong></span> <span class='ocrx_word' id='word_1_103' title='bbox 964 1542 1093 1626; x_wconf 71' lang='lat' dir='ltr'><strong>speciest</strong></span> <span class='ocrx_word' id='word_1_104' title='bbox 1108 1543 1286 1622; x_wconf 87' lang='lat' dir='ltr'><strong>dominium</strong></span> <span class='ocrx_word' id='word_1_105' title='bbox 1301 1545 1482 1625; x_wconf 87' lang='lat' dir='ltr'><strong>perlectum</strong></span> 
     </span>
     <span class='ocr_line' id='line_1_15' title="bbox 362 1632 1483 1717; baseline 0.003 -20"><span class='ocrx_word' id='word_1_106' title='bbox 362 1652 404 1697; x_wconf 85' lang='lat' dir='ltr'><strong>eac</strong></span> <span class='ocrx_word' id='word_1_107' title='bbox 417 1635 488 1698; x_wconf 86' lang='lat' dir='ltr'><strong>iure</strong></span> <span class='ocrx_word' id='word_1_108' title='bbox 506 1632 695 1711; x_wconf 80' lang='lat' dir='ltr'><strong>Quiritium·</strong></span> <span class='ocrx_word' id='word_1_109' title='bbox 711 1638 744 1698; x_wconf 92' lang='lat' dir='ltr'><strong>et</strong></span> <span class='ocrx_word' id='word_1_110' title='bbox 760 1633 995 1715; x_wconf 78' lang='lat' dir='ltr'><strong>imperfectum,</strong></span> <span class='ocrx_word' id='word_1_111' title='bbox 1012 1633 1097 1715; x_wconf 90' lang='lat' dir='ltr'><strong>quod</strong></span> <span class='ocrx_word' id='word_1_112' title='bbox 1112 1651 1152 1699; x_wconf 86' lang='lat' dir='ltr'><strong>cx</strong></span> <span class='ocrx_word' id='word_1_113' title='bbox 1166 1633 1276 1717; x_wconf 76' lang='lat' dir='ltr'><strong>popuii</strong></span> <span class='ocrx_word' id='word_1_114' title='bbox 1290 1634 1417 1698; x_wconf 90' lang='lat' dir='ltr'><strong>romani</strong></span> <span class='ocrx_word' id='word_1_115' title='bbox 1432 1635 1483 1700; x_wconf 86' lang='lat' dir='ltr'><strong>rel</strong></span> 
     </span>
    </p>
   </div>
   <div class='ocr_carea' id='block_1_5' title="bbox 290 1722 964 1805">
    <p class='ocr_par' dir='ltr' id='par_1_6' title="bbox 290 1722 964 1805">
     <span class='ocr_line' id='line_1_16' title="bbox 290 1722 964 1805; baseline 0 -19"><span class='ocrx_word' id='word_1_116' title='bbox 290 1747 295 1754; x_wconf 94' lang='lat'>·</span> <span class='ocrx_word' id='word_1_117' title='bbox 361 1722 554 1804; x_wconf 89' lang='lat' dir='ltr'><strong>reipublicae</strong></span> <span class='ocrx_word' id='word_1_118' title='bbox 568 1722 770 1788; x_wconf 90' lang='lat' dir='ltr'><strong>concessione</strong></span> <span class='ocrx_word' id='word_1_119' title='bbox 785 1723 964 1805; x_wconf 89' lang='lat' dir='ltr'><strong>putabatur.</strong></span> 
     </span>
    </p>
   </div>
   <div class='ocr_carea' id='block_1_6' title="bbox 360 1808 1484 2520">
    <p class='ocr_par' dir='ltr' id='par_1_7' title="bbox 360 1808 1484 2520">
     <span class='ocr_line' id='line_1_17' title="bbox 449 1808 1483 1895; baseline 0 -18"><span class='ocrx_word' id='word_1_120' title='bbox 449 1812 491 1877; x_wconf 80' lang='lat' dir='ltr'><strong>V.</strong></span> <span class='ocrx_word' id='word_1_121' title='bbox 505 1811 792 1890; x_wconf 75' lang='lat' dir='ltr'><strong>sacramentalibus</strong></span> <span class='ocrx_word' id='word_1_122' title='bbox 808 1811 923 1885; x_wconf 89' lang='lat' dir='ltr'><strong>verbis,</strong></span> <span class='ocrx_word' id='word_1_123' title='bbox 937 1811 1027 1895; x_wconf 83' lang='lat' dir='ltr'><strong>quasi</strong></span> <span class='ocrx_word' id='word_1_124' title='bbox 1042 1815 1128 1877; x_wconf 83' lang='lat' dir='ltr'><strong>veste</strong></span> <span class='ocrx_word' id='word_1_125' title='bbox 1143 1808 1244 1886; x_wconf 86' lang='lat' dir='ltr'><strong>civili,</strong></span> <span class='ocrx_word' id='word_1_126' title='bbox 1261 1815 1353 1892; x_wconf 89' lang='lat' dir='ltr'><strong>pacta</strong></span> <span class='ocrx_word' id='word_1_127' title='bbox 1368 1811 1483 1877; x_wconf 88' lang='lat' dir='ltr'><strong>indue-</strong></span> 
     </span>
     <span class='ocr_line' id='line_1_18' title="bbox 360 1899 1483 1984; baseline 0.001 -20"><span class='ocrx_word' id='word_1_128' title='bbox 360 1899 489 1975; x_wconf 88' lang='lat' dir='ltr'><strong>bantur,</strong></span> <span class='ocrx_word' id='word_1_129' title='bbox 502 1905 538 1965; x_wconf 90' lang='grc' dir='ltr'><strong>ιι</strong></span> <span class='ocrx_word' id='word_1_130' title='bbox 549 1901 598 1966; x_wconf 80' lang='grc' dir='ltr'><strong>ιιι</strong></span> <span class='ocrx_word' id='word_1_131' title='bbox 609 1901 777 1968; x_wconf 87' lang='lat' dir='ltr'><strong>translatio</strong></span> <span class='ocrx_word' id='word_1_132' title='bbox 790 1900 892 1976; x_wconf 86' lang='lat' dir='ltr'><strong>fieret,</strong></span> <span class='ocrx_word' id='word_1_133' title='bbox 911 1901 997 1966; x_wconf 88' lang='lat' dir='ltr'><strong>nulla</strong></span> <span class='ocrx_word' id='word_1_134' title='bbox 1009 1899 1360 1966; x_wconf 86' lang='lat' dir='ltr'><strong>iercconscientiaerel</strong></span> <span class='ocrx_word' id='word_1_135' title='bbox 1373 1902 1483 1984; x_wconf 88' lang='lat' dir='ltr'><strong>aequi-</strong></span> 
     </span>
     <span class='ocr_line' id='line_1_19' title="bbox 363 1988 1484 2072; baseline 0.002 -18"><span class='ocrx_word' id='word_1_136' title='bbox 363 1988 440 2054; x_wconf 89' lang='lat' dir='ltr'><strong>tatis</strong></span> <span class='ocrx_word' id='word_1_137' title='bbox 455 1989 580 2056; x_wconf 88' lang='lat' dir='ltr'><strong>ratione</strong></span> <span class='ocrx_word' id='word_1_138' title='bbox 595 1989 718 2056; x_wconf 87' lang='lat' dir='ltr'><strong>habita.</strong></span> <span class='ocrx_word' id='word_1_139' title='bbox 738 1990 776 2055; x_wconf 87' lang='lat' dir='ltr'><strong>Ut</strong></span> <span class='ocrx_word' id='word_1_140' title='bbox 790 1991 903 2071; x_wconf 74' lang='lat' dir='ltr'><strong>traam</strong></span> <span class='ocrx_word' id='word_1_141' title='bbox 918 1991 1134 2072; x_wconf 74' lang='lat' dir='ltr'><strong>mueupeun,</strong></span> <span class='ocrx_word' id='word_1_142' title='bbox 1160 1989 1205 2053; x_wconf 83' lang='lat' dir='ltr'><strong>sic</strong></span> <span class='ocrx_word' id='word_1_143' title='bbox 1220 1990 1271 2053; x_wconf 82' lang='lat' dir='ltr'><strong>ius</strong></span> <span class='ocrx_word' id='word_1_144' title='bbox 1285 1997 1340 2069; x_wconf 83' lang='lat' dir='ltr'><strong>est,</strong></span> <span class='ocrx_word' id='word_1_145' title='bbox 1358 1989 1484 2056; x_wconf 84' lang='lat' dir='ltr'><strong>terebat</strong></span> 
     </span>
     <span class='ocr_line' id='line_1_20' title="bbox 360 2077 1483 2165; baseline 0.003 -24"><span class='ocrx_word' id='word_1_146' title='bbox 360 2078 524 2144; x_wconf 89' lang='lat' dir='ltr'><strong>duodecim</strong></span> <span class='ocrx_word' id='word_1_147' title='bbox 548 2079 743 2144; x_wconf 80' lang='lat' dir='ltr'><strong>Tabularum</strong></span> <span class='ocrx_word' id='word_1_148' title='bbox 758 2079 810 2145; x_wconf 88' lang='lat' dir='ltr'><strong>lex</strong></span> <span class='ocrx_word' id='word_1_149' title='bbox 828 2078 1124 2165; x_wconf 79' lang='lat' dir='ltr'><strong>(heroicispopulis</strong></span> <span class='ocrx_word' id='word_1_150' title='bbox 1145 2077 1322 2144; x_wconf 89' lang='lat' dir='ltr'><strong>communis</strong></span> <span class='ocrx_word' id='word_1_151' title='bbox 1344 2080 1483 2162; x_wconf 86' lang='lat' dir='ltr'><strong>appella-</strong></span> 
     </span>
     <span class='ocr_line' id='line_1_21' title="bbox 360 2165 1482 2256; baseline 0.001 -25"><span class='ocrx_word' id='word_1_152' title='bbox 360 2168 420 2242; x_wconf 85' lang='lat' dir='ltr'><strong>tio,</strong></span> <span class='ocrx_word' id='word_1_153' title='bbox 430 2167 537 2234; x_wconf 85' lang='lat' dir='ltr'><strong>iorsan</strong></span> <span class='ocrx_word' id='word_1_154' title='bbox 547 2169 719 2234; x_wconf 84' lang='lat' dir='ltr'><strong>aldosaicis</strong></span> <span class='ocrx_word' id='word_1_155' title='bbox 731 2167 846 2232; x_wconf 90' lang='lat' dir='ltr'><strong>tabulis</strong></span> <span class='ocrx_word' id='word_1_156' title='bbox 857 2165 1006 2253; x_wconf 86' lang='lat' dir='ltr'><strong>imitata).</strong></span> <span class='ocrx_word' id='word_1_157' title='bbox 1017 2168 1084 2234; x_wconf 85' lang='lat' dir='ltr'><strong>Lex</strong></span> <span class='ocrx_word' id='word_1_158' title='bbox 1098 2185 1178 2256; x_wconf 86' lang='lat' dir='ltr'><strong>quae</strong></span> <span class='ocrx_word' id='word_1_159' title='bbox 1189 2168 1236 2232; x_wconf 90' lang='lat' dir='ltr'><strong>ita</strong></span> <span class='ocrx_word' id='word_1_160' title='bbox 1250 2171 1417 2244; x_wconf 89' lang='lat' dir='ltr'><strong>statuerat,</strong></span> <span class='ocrx_word' id='word_1_161' title='bbox 1430 2186 1482 2232; x_wconf 89' lang='lat' dir='ltr'><strong>re-</strong></span> 
     </span>
     <span class='ocr_line' id='line_1_22' title="bbox 363 2257 1483 2339; baseline 0.002 -19"><span class='ocrx_word' id='word_1_162' title='bbox 363 2258 519 2322; x_wconf 87' lang='lat' dir='ltr'><strong>clamante</strong></span> <span class='ocrx_word' id='word_1_163' title='bbox 538 2261 664 2332; x_wconf 86' lang='grc' dir='ltr'>ιιιιιι,</span> <span class='ocrx_word' id='word_1_164' title='bbox 684 2257 781 2321; x_wconf 90' lang='lat' dir='ltr'><strong>nimis</strong></span> <span class='ocrx_word' id='word_1_165' title='bbox 795 2261 981 2339; x_wconf 76' lang='lat' dir='ltr'><strong>arroganter</strong></span> <span class='ocrx_word' id='word_1_166' title='bbox 995 2257 1057 2321; x_wconf 89' lang='lat' dir='ltr'><strong>sibi</strong></span> <span class='ocrx_word' id='word_1_167' title='bbox 1070 2257 1285 2322; x_wconf 89' lang='lat' dir='ltr'><strong>dominiorum</strong></span> <span class='ocrx_word' id='word_1_168' title='bbox 1300 2257 1483 2322; x_wconf 88' lang='lat' dir='ltr'><strong>translatio-</strong></span> 
     </span>
     <span class='ocr_line' id='line_1_23' title="bbox 363 2345 1481 2428; baseline 0.004 -20"><span class='ocrx_word' id='word_1_169' title='bbox 363 2363 437 2410; x_wconf 90' lang='lat' dir='ltr'><strong>nem</strong></span> <span class='ocrx_word' id='word_1_170' title='bbox 457 2347 677 2427; x_wconf 85' lang='lat' dir='ltr'><strong>adscripscrat.</strong></span> <span class='ocrx_word' id='word_1_171' title='bbox 703 2347 805 2412; x_wconf 85' lang='lat' dir='ltr'><strong>Dolus</strong></span> <span class='ocrx_word' id='word_1_172' title='bbox 815 2347 890 2410; x_wconf 90' lang='lat' dir='ltr'><strong>inde</strong></span> <span class='ocrx_word' id='word_1_173' title='bbox 905 2350 938 2410; x_wconf 89' lang='lat' dir='ltr'><strong>ct</strong></span> <span class='ocrx_word' id='word_1_174' title='bbox 952 2345 1115 2428; x_wconf 87' lang='lat' dir='ltr'><strong>iniquitas,</strong></span> <span class='ocrx_word' id='word_1_175' title='bbox 1138 2348 1243 2428; x_wconf 76' lang='lat' dir='ltr'><strong>legum</strong></span> <span class='ocrx_word' id='word_1_176' title='bbox 1257 2349 1481 2428; x_wconf 85' lang='lat' dir='ltr'><strong>praepotentia</strong></span> 
     </span>
     <span class='ocr_line' id='line_1_24' title="bbox 362 2434 1482 2520; baseline 0.001 -21"><span class='ocrx_word' id='word_1_177' title='bbox 362 2451 398 2500; x_wconf 90' lang='lat' dir='ltr'><strong>ac</strong></span> <span class='ocrx_word' id='word_1_178' title='bbox 408 2435 445 2499; x_wconf 82' lang='lat' dir='ltr'><strong>vi</strong></span> <span class='ocrx_word' id='word_1_179' title='bbox 459 2436 690 2501; x_wconf 83' lang='lat' dir='ltr'><strong>sauciabantur:</strong></span> <span class='ocrx_word' id='word_1_180' title='bbox 714 2434 850 2519; x_wconf 88' lang='lat' dir='ltr'><strong>quodC.</strong></span> <span class='ocrx_word' id='word_1_181' title='bbox 867 2434 961 2501; x_wconf 83' lang='lat' dir='ltr'><strong>Canii</strong></span> <span class='ocrx_word' id='word_1_182' title='bbox 975 2434 1168 2519; x_wconf 82' lang='lat' dir='ltr'><strong>syracusani,</strong></span> <span class='ocrx_word' id='word_1_183' title='bbox 1193 2439 1227 2500; x_wconf 88' lang='lat' dir='ltr'><strong>et</strong></span> <span class='ocrx_word' id='word_1_184' title='bbox 1241 2434 1348 2518; x_wconf 75' lang='lat' dir='ltr'><strong>Pythii</strong></span> <span class='ocrx_word' id='word_1_185' title='bbox 1364 2435 1482 2520; x_wconf 84' lang='lat' dir='ltr'><strong>equitis</strong></span> 
     </span>
    </p>
   </div>
   <div class='ocr_carea' id='block_1_7' title="bbox 137 2521 860 2608">
    <p class='ocr_par' dir='ltr' id='par_1_8' title="bbox 137 2521 860 2608">
     <span class='ocr_line' id='line_1_25' title="bbox 137 2521 860 2608; baseline -0.006 -15"><span class='ocrx_word' id='word_1_186' title='bbox 137 2524 160 2593; x_wconf 80' lang='lat' dir='ltr'><strong>tt</strong></span> <span class='ocrx_word' id='word_1_187' title='bbox 181 2524 236 2580; x_wconf 80' lang='lat' dir='ltr'><strong>erc</strong></span> <span class='ocrx_word' id='word_1_188' title='bbox 244 2525 336 2604; x_wconf 75' lang='lat' dir='ltr'><em>..Off</em></span> <span class='ocrx_word' id='word_1_189' title='bbox 362 2525 487 2590; x_wconf 87' lang='lat' dir='ltr'><strong>romani</strong></span> <span class='ocrx_word' id='word_1_190' title='bbox 504 2521 860 2608; x_wconf 47' lang='lat' dir='ltr'><strong>iactodeclaratur1ls</strong></span> 
     </span>
    </p>
   </div>
   <div class='ocr_carea' id='block_1_8' title="bbox 356 2590 1481 3141">
    <p class='ocr_par' dir='ltr' id='par_1_9' title="bbox 356 2590 1481 3141">
     <span class='ocr_line' id='line_1_26' title="bbox 451 2590 1480 2717; baseline -0.001 -38"><span class='ocrx_word' id='word_1_191' title='bbox 451 2615 509 2687; x_wconf 86' lang='lat' dir='ltr'><strong>vt.</strong></span> <span class='ocrx_word' id='word_1_192' title='bbox 528 2616 580 2680; x_wconf 89' lang='lat' dir='ltr'><strong>lus</strong></span> <span class='ocrx_word' id='word_1_193' title='bbox 589 2613 784 2717; x_wconf 81' lang='lat' dir='ltr'><strong>Quiritium,</strong></span> <span class='ocrx_word' id='word_1_194' title='bbox 809 2631 864 2678; x_wconf 91' lang='lat' dir='ltr'><strong>seu</strong></span> <span class='ocrx_word' id='word_1_195' title='bbox 878 2614 1038 2696; x_wconf 72' lang='lat' dir='ltr'><strong>matruelis</strong></span> <span class='ocrx_word' id='word_1_196' title='bbox 1048 2614 1243 2695; x_wconf 80' lang='lat' dir='ltr'><strong>proprietas,</strong></span> <span class='ocrx_word' id='word_1_197' title='bbox 1259 2590 1480 2716; x_wconf 86' lang='lat' dir='ltr'><strong>plenissimum</strong></span> 
     </span>
     <span class='ocr_line' id='line_1_27' title="bbox 359 2701 1480 2787; baseline 0.003 -23"><span class='ocrx_word' id='word_1_198' title='bbox 359 2705 453 2767; x_wconf 89' lang='lat' dir='ltr'><strong>erat</strong></span> <span class='ocrx_word' id='word_1_199' title='bbox 443 2723 492 2768; x_wconf 89' lang='lat' dir='ltr'><strong>rus</strong></span> <span class='ocrx_word' id='word_1_200' title='bbox 508 2722 569 2786; x_wconf 88' lang='lat' dir='ltr'><strong>quo</strong></span> <span class='ocrx_word' id='word_1_201' title='bbox 585 2705 667 2767; x_wconf 90' lang='lat' dir='ltr'><strong>solus</strong></span> <span class='ocrx_word' id='word_1_202' title='bbox 682 2703 760 2768; x_wconf 89' lang='lat' dir='ltr'><strong>civis</strong></span> <span class='ocrx_word' id='word_1_203' title='bbox 777 2720 925 2768; x_wconf 91' lang='lat' dir='ltr'><strong>romanus</strong></span> <span class='ocrx_word' id='word_1_204' title='bbox 926 2703 1133 2787; x_wconf 92' lang='lat' dir='ltr'><strong>potiebatur.</strong></span> <span class='ocrx_word' id='word_1_205' title='bbox 1150 2702 1343 2768; x_wconf 85' lang='lat' dir='ltr'><strong>Meminerat</strong></span> <span class='ocrx_word' id='word_1_206' title='bbox 1358 2701 1445 2766; x_wconf 86' lang='lat' dir='ltr'><strong>eninr</strong></span> <span class='ocrx_word' id='word_1_207' title='bbox 1461 2721 1480 2767; x_wconf 89' lang='lat' dir='ltr'><strong>a</strong></span> 
     </span>
     <span class='ocr_line' id='line_1_28' title="bbox 358 2789 1481 2882; baseline 0 -26"><span class='ocrx_word' id='word_1_208' title='bbox 358 2789 470 2866; x_wconf 87' lang='lat' dir='ltr'><strong>bellica</strong></span> <span class='ocrx_word' id='word_1_209' title='bbox 473 2791 720 2882; x_wconf 86' lang='lat' dir='ltr'><strong>acquisitione</strong></span> <span class='ocrx_word' id='word_1_210' title='bbox 710 2810 759 2856; x_wconf 90' lang='grc' dir='ltr'><strong>ιιι</strong></span> <span class='ocrx_word' id='word_1_211' title='bbox 774 2791 983 2874; x_wconf 89' lang='lat' dir='ltr'><strong>proprietatis</strong></span> <span class='ocrx_word' id='word_1_212' title='bbox 997 2793 1126 2864; x_wconf 90' lang='lat' dir='ltr'><strong>ductum</strong></span> <span class='ocrx_word' id='word_1_213' title='bbox 1142 2809 1210 2855; x_wconf 88' lang='lat' dir='ltr'><strong>esse</strong></span> <span class='ocrx_word' id='word_1_214' title='bbox 1223 2793 1265 2856; x_wconf 92' lang='lat' dir='ltr'><strong>ab</strong></span> <span class='ocrx_word' id='word_1_215' title='bbox 1276 2791 1387 2856; x_wconf 91' lang='lat' dir='ltr'><strong>initio.</strong></span> <span class='ocrx_word' id='word_1_216' title='bbox 1401 2791 1481 2856; x_wconf 85' lang='lat' dir='ltr'><strong>Inde</strong></span> 
     </span>
     <span class='ocr_line' id='line_1_29' title="bbox 356 2872 1477 2966; baseline 0.004 -24"><span class='ocrx_word' id='word_1_217' title='bbox 356 2872 1092 2981; x_wconf 81' lang='lat' dir='ltr'><strong>solemprovinciarumadpopulumromanum,</strong></span> <span class='ocrx_word' id='word_1_218' title='bbox 1101 2878 1477 2956; x_wconf 87' lang='lat' dir='ltr'><strong>eminentemdominum,</strong></span> 
     </span>
     <span class='ocr_line' id='line_1_30' title="bbox 357 2967 1481 3054; baseline 0.003 -21"><span class='ocrx_word' id='word_1_219' title='bbox 357 2967 446 3035; x_wconf 87' lang='lat' dir='ltr'><strong>civili</strong></span> <span class='ocrx_word' id='word_1_220' title='bbox 461 2971 591 3038; x_wconf 79' lang='lat' dir='ltr'><strong>fictione</strong></span> <span class='ocrx_word' id='word_1_221' title='bbox 606 2975 747 3054; x_wconf 89' lang='lat' dir='ltr'><strong>spectare</strong></span> <span class='ocrx_word' id='word_1_222' title='bbox 762 2970 959 3036; x_wconf 89' lang='lat' dir='ltr'><strong>censebatur.</strong></span> <span class='ocrx_word' id='word_1_223' title='bbox 976 2971 1044 3038; x_wconf 82' lang='lat' dir='ltr'><strong>aln</strong></span> <span class='ocrx_word' id='word_1_224' title='bbox 1060 2971 1129 3035; x_wconf 91' lang='lat' dir='ltr'><strong>solo</strong></span> <span class='ocrx_word' id='word_1_225' title='bbox 1145 2968 1345 3051; x_wconf 86' lang='lat' dir='ltr'><strong>provinciali,</strong></span> <span class='ocrx_word' id='word_1_226' title='bbox 1363 2968 1410 3034; x_wconf 91' lang='lat' dir='ltr'><strong>ait</strong></span> <span class='ocrx_word' id='word_1_227' title='bbox 1420 2969 1481 3036; x_wconf 85' lang='lat' dir='ltr'><strong>Ca-</strong></span> 
     </span>
     <span class='ocr_line' id='line_1_31' title="bbox 357 3057 1481 3141; baseline 0.001 -18"><span class='ocrx_word' id='word_1_228' title='bbox 357 3059 419 3137; x_wconf 90' lang='lat' dir='ltr'><strong>ius,</strong></span> <span class='ocrx_word' id='word_1_229' title='bbox 432 3061 617 3126; x_wconf 80' lang='lat' dir='ltr'><strong>dominium</strong></span> <span class='ocrx_word' id='word_1_230' title='bbox 632 3059 741 3141; x_wconf 91' lang='lat' dir='ltr'><strong>populi</strong></span> <span class='ocrx_word' id='word_1_231' title='bbox 758 3058 882 3125; x_wconf 92' lang='lat' dir='ltr'><strong>romani</strong></span> <span class='ocrx_word' id='word_1_232' title='bbox 903 3064 953 3128; x_wconf 85' lang='lat' dir='ltr'><strong>est</strong></span> <span class='ocrx_word' id='word_1_233' title='bbox 968 3060 1016 3125; x_wconf 85' lang='lat' dir='ltr'><strong>rel</strong></span> <span class='ocrx_word' id='word_1_234' title='bbox 1031 3057 1186 3133; x_wconf 72' lang='lat' dir='ltr'><strong>(laeserim</strong></span> <span class='ocrx_word' id='word_1_235' title='bbox 1213 3077 1270 3123; x_wconf 88' lang='lat' dir='ltr'><strong>uos</strong></span> <span class='ocrx_word' id='word_1_236' title='bbox 1286 3062 1392 3123; x_wconf 87' lang='lat' dir='ltr'><strong>autern</strong></span> <span class='ocrx_word' id='word_1_237' title='bbox 1404 3076 1481 3139; x_wconf 80' lang='lat' dir='ltr'><strong>pos·</strong></span> 
     </span>
    </p>
   </div>
   <div class='ocr_carea' id='block_1_9' title="bbox 134 3141 1481 3231">
    <p class='ocr_par' dir='ltr' id='par_1_10' title="bbox 134 3141 1481 3231">
     <span class='ocr_line' id='line_1_32' title="bbox 134 3141 1481 3231; baseline 0.003 -23"><span class='ocrx_word' id='word_1_238' title='bbox 134 3145 159 3208; x_wconf 77' lang='lat' dir='ltr'><strong>tt</strong></span> <span class='ocrx_word' id='word_1_239' title='bbox 178 3141 268 3215; x_wconf 81' lang='lat' dir='ltr'><strong>cuius,</strong></span> <span class='ocrx_word' id='word_1_240' title='bbox 290 3145 336 3204; x_wconf 84' lang='lat' dir='ltr'><strong>tib.</strong></span> <span class='ocrx_word' id='word_1_241' title='bbox 357 3150 525 3216; x_wconf 78' lang='lat' dir='ltr'><strong>sessionem</strong></span> <span class='ocrx_word' id='word_1_242' title='bbox 538 3145 663 3216; x_wconf 85' lang='lat' dir='ltr'><strong>tautum</strong></span> <span class='ocrx_word' id='word_1_243' title='bbox 680 3152 713 3214; x_wconf 90' lang='lat' dir='ltr'><strong>et</strong></span> <span class='ocrx_word' id='word_1_244' title='bbox 727 3149 963 3230; x_wconf 73' lang='lat' dir='ltr'><strong>usumfructum</strong></span> <span class='ocrx_word' id='word_1_245' title='bbox 975 3148 1092 3213; x_wconf 91' lang='lat' dir='ltr'><strong>babere</strong></span> <span class='ocrx_word' id='word_1_246' title='bbox 1108 3147 1251 3212; x_wconf 88' lang='lat' dir='ltr'><strong>videmur</strong></span> <span class='ocrx_word' id='word_1_247' title='bbox 1266 3144 1310 3231; x_wconf 79' lang='lat'><strong>2).</strong></span> <span class='ocrx_word' id='word_1_248' title='bbox 1329 3147 1481 3231; x_wconf 80' lang='lat' dir='ltr'><strong>»Perpe-</strong></span> 
     </span>
    </p>
   </div>
   <div class='ocr_carea' id='block_1_10' title="bbox 114 3215 234 3288">
    <p class='ocr_par' dir='ltr' id='par_1_11' title="bbox 114 3215 234 3288">
     <span class='ocr_line' id='line_1_33' title="bbox 114 3215 234 3288; baseline 0.05 -20"><span class='ocrx_word' id='word_1_249' title='bbox 114 3215 147 3288; x_wconf 79' lang='grc' dir='ltr'><strong>ιι,</strong></span> <span class='ocrx_word' id='word_1_250' title='bbox 164 3222 189 3280; x_wconf 71' lang='grc' dir='ltr'><strong>ι.</strong></span> <span class='ocrx_word' id='word_1_251' title='bbox 210 3215 234 3274; x_wconf 85' lang='grc' dir='ltr'><strong>ι.</strong></span> 
     </span>
    </p>
   </div>
   <div class='ocr_carea' id='block_1_11' title="bbox 355 3234 1479 3501">
    <p class='ocr_par' dir='ltr' id='par_1_12' title="bbox 355 3234 1478 3501">
     <span class='ocr_line' id='line_1_34' title="bbox 357 3234 1478 3322; baseline 0.004 -22"><span class='ocrx_word' id='word_1_252' title='bbox 357 3244 411 3300; x_wconf 88' lang='grc' dir='ltr'><strong>ιιι</strong></span> <span class='ocrx_word' id='word_1_253' title='bbox 427 3239 556 3322; x_wconf 89' lang='lat' dir='ltr'><strong>quidem</strong></span> <span class='ocrx_word' id='word_1_254' title='bbox 571 3244 605 3303; x_wconf 87' lang='lat' dir='ltr'><strong>et</strong></span> <span class='ocrx_word' id='word_1_255' title='bbox 620 3237 834 3304; x_wconf 82' lang='lat' dir='ltr'><strong>irrevocabilis</strong></span> <span class='ocrx_word' id='word_1_256' title='bbox 850 3242 920 3302; x_wconf 89' lang='lat' dir='ltr'><strong>erat</strong></span> <span class='ocrx_word' id='word_1_257' title='bbox 935 3238 989 3302; x_wconf 89' lang='lat' dir='ltr'><strong>illa</strong></span> <span class='ocrx_word' id='word_1_258' title='bbox 999 3236 1168 3319; x_wconf 90' lang='lat' dir='ltr'><strong>possessio,</strong></span> <span class='ocrx_word' id='word_1_259' title='bbox 1182 3253 1263 3318; x_wconf 88' lang='lat' dir='ltr'><strong>quae</strong></span> <span class='ocrx_word' id='word_1_260' title='bbox 1280 3234 1478 3314; x_wconf 87' lang='lat' dir='ltr'><strong>venditione,</strong></span> 
     </span>
     <span class='ocr_line' id='line_1_35' title="bbox 355 3325 1479 3408; baseline 0.001 -18"><span class='ocrx_word' id='word_1_261' title='bbox 355 3329 603 3408; x_wconf 90' lang='lat' dir='ltr'><strong>permutatione,</strong></span> <span class='ocrx_word' id='word_1_262' title='bbox 614 3327 796 3403; x_wconf 89' lang='lat' dir='ltr'><strong>donatione,</strong></span> <span class='ocrx_word' id='word_1_263' title='bbox 812 3331 845 3390; x_wconf 89' lang='lat' dir='ltr'><strong>et</strong></span> <span class='ocrx_word' id='word_1_264' title='bbox 856 3327 1051 3390; x_wconf 90' lang='lat' dir='ltr'><strong>successione</strong></span> <span class='ocrx_word' id='word_1_265' title='bbox 1064 3325 1352 3408; x_wconf 85' lang='lat' dir='ltr'><strong>transmittebatur.</strong></span> <span class='ocrx_word' id='word_1_266' title='bbox 1364 3325 1479 3391; x_wconf 86' lang='lat' dir='ltr'><strong>Denti-</strong></span> 
     </span>
     <span class='ocr_line' id='line_1_36' title="bbox 356 3414 1478 3501; baseline 0 -23"><span class='ocrx_word' id='word_1_267' title='bbox 356 3415 404 3478; x_wconf 91' lang='lat' dir='ltr'><strong>nii</strong></span> <span class='ocrx_word' id='word_1_268' title='bbox 419 3432 544 3501; x_wconf 87' lang='lat' dir='ltr'><strong>quoqne</strong></span> <span class='ocrx_word' id='word_1_269' title='bbox 559 3418 699 3498; x_wconf 87' lang='lat' dir='ltr'><strong>speciem</strong></span> <span class='ocrx_word' id='word_1_270' title='bbox 715 3414 927 3480; x_wconf 89' lang='lat' dir='ltr'><strong>constituebat</strong></span> <span class='ocrx_word' id='word_1_271' title='bbox 931 3432 1028 3500; x_wconf 91' lang='lat' dir='ltr'><strong>,quae</strong></span> <span class='ocrx_word' id='word_1_272' title='bbox 1044 3415 1108 3479; x_wconf 91' lang='lat' dir='ltr'><strong>suis</strong></span> <span class='ocrx_word' id='word_1_273' title='bbox 1123 3414 1303 3479; x_wconf 90' lang='lat' dir='ltr'><strong>actionibus</strong></span> <span class='ocrx_word' id='word_1_274' title='bbox 1313 3417 1352 3478; x_wconf 88' lang='grc' dir='ltr'><strong>ιι</strong></span> <span class='ocrx_word' id='word_1_275' title='bbox 1363 3431 1478 3499; x_wconf 81' lang='lat' dir='ltr'><strong>excep</strong></span> 
     </span>
    </p>
   </div>
   <div class='ocr_carea' id='block_1_12' title="bbox 356 3502 1598 3585">
    <p class='ocr_par' dir='ltr' id='par_1_13' title="bbox 356 3502 1598 3585">
     <span class='ocr_line' id='line_1_37' title="bbox 356 3502 1598 3585; baseline 0.002 -19"><span class='ocrx_word' id='word_1_276' title='bbox 356 3503 495 3569; x_wconf 89' lang='lat' dir='ltr'><strong>tionibus</strong></span> <span class='ocrx_word' id='word_1_277' title='bbox 511 3506 687 3570; x_wconf 86' lang='lat' dir='ltr'><strong>fruebatur.</strong></span> <span class='ocrx_word' id='word_1_278' title='bbox 704 3505 758 3569; x_wconf 92' lang='lat' dir='ltr'><strong>sed</strong></span> <span class='ocrx_word' id='word_1_279' title='bbox 773 3504 1043 3584; x_wconf 84' lang='lat' dir='ltr'><strong>mancipationem</strong></span> <span class='ocrx_word' id='word_1_280' title='bbox 1058 3509 1091 3569; x_wconf 90' lang='lat' dir='ltr'><strong>et</strong></span> <span class='ocrx_word' id='word_1_281' title='bbox 1102 3502 1327 3585; x_wconf 89' lang='lat' dir='ltr'><strong>usucapionem</strong></span> <span class='ocrx_word' id='word_1_282' title='bbox 1342 3520 1408 3566; x_wconf 93' lang='lat' dir='ltr'><strong>non</strong></span> <span class='ocrx_word' id='word_1_283' title='bbox 1421 3504 1480 3569; x_wconf 90' lang='lat' dir='ltr'><strong>ad·</strong></span> <span class='ocrx_word' id='word_1_284' title='bbox 1596 3565 1598 3569; x_wconf 87' lang='lat'>.</span> 
     </span>
    </p>
   </div>
   <div class='ocr_carea' id='block_1_13' title="bbox 350 3583 1481 4566">
    <p class='ocr_par' dir='ltr' id='par_1_14' title="bbox 356 3583 1478 3765">
     <span class='ocr_line' id='line_1_38' title="bbox 356 3583 1478 3676; baseline 0.001 -19"><span class='ocrx_word' id='word_1_285' title='bbox 356 3583 516 3668; x_wconf 85' lang='lat' dir='ltr'><strong>mittebat,</strong></span> <span class='ocrx_word' id='word_1_286' title='bbox 542 3612 642 3675; x_wconf 85' lang='lat' dir='ltr'><strong>neque</strong></span> <span class='ocrx_word' id='word_1_287' title='bbox 656 3594 734 3658; x_wconf 90' lang='lat' dir='ltr'><strong>illud</strong></span> <span class='ocrx_word' id='word_1_288' title='bbox 749 3598 818 3658; x_wconf 91' lang='lat' dir='ltr'><strong>erat</strong></span> <span class='ocrx_word' id='word_1_289' title='bbox 831 3594 1073 3676; x_wconf 90' lang='lat' dir='ltr'><strong>plenissimum</strong></span> <span class='ocrx_word' id='word_1_290' title='bbox 1064 3613 1126 3668; x_wconf 80' lang='lat' dir='ltr'><strong>rus,</strong></span> <span class='ocrx_word' id='word_1_291' title='bbox 1153 3593 1237 3674; x_wconf 87' lang='lat' dir='ltr'><strong>quod</strong></span> <span class='ocrx_word' id='word_1_292' title='bbox 1252 3592 1377 3662; x_wconf 86' lang='lat' dir='ltr'><strong>romani</strong></span> <span class='ocrx_word' id='word_1_293' title='bbox 1392 3591 1478 3658; x_wconf 77' lang='lat' dir='ltr'><strong>ciret</strong></span> 
     </span>
     <span class='ocr_line' id='line_1_39' title="bbox 356 3681 1368 3765; baseline 0.001 -21"><span class='ocrx_word' id='word_1_294' title='bbox 356 3700 411 3745; x_wconf 90' lang='lat' dir='ltr'><strong>sua</strong></span> <span class='ocrx_word' id='word_1_295' title='bbox 427 3683 516 3764; x_wconf 88' lang='lat' dir='ltr'><strong>quasi</strong></span> <span class='ocrx_word' id='word_1_296' title='bbox 520 3683 764 3765; x_wconf 87' lang='lat' dir='ltr'><strong>omnipotentia</strong></span> <span class='ocrx_word' id='word_1_297' title='bbox 780 3682 1001 3764; x_wconf 90' lang='lat' dir='ltr'><strong>conceperant,</strong></span> <span class='ocrx_word' id='word_1_298' title='bbox 1020 3683 1142 3765; x_wconf 87' lang='lat' dir='ltr'><strong>sibique</strong></span> <span class='ocrx_word' id='word_1_299' title='bbox 1157 3681 1368 3754; x_wconf 90' lang='lat' dir='ltr'><strong>contulerant.</strong></span> 
     </span>
    </p>

    <p class='ocr_par' dir='ltr' id='par_1_15' title="bbox 350 3768 1481 4566">
     <span class='ocr_line' id='line_1_40' title="bbox 447 3768 1480 3855; baseline -0.002 -18"><span class='ocrx_word' id='word_1_300' title='bbox 447 3771 522 3837; x_wconf 90' lang='lat' dir='ltr'><strong>Vll</strong></span> <span class='ocrx_word' id='word_1_301' title='bbox 532 3771 581 3836; x_wconf 86' lang='lat' dir='ltr'><strong>Ex</strong></span> <span class='ocrx_word' id='word_1_302' title='bbox 595 3772 746 3855; x_wconf 88' lang='lat' dir='ltr'><strong>oppositis</strong></span> <span class='ocrx_word' id='word_1_303' title='bbox 757 3771 843 3836; x_wconf 90' lang='lat' dir='ltr'><strong>hisce</strong></span> <span class='ocrx_word' id='word_1_304' title='bbox 858 3772 1023 3836; x_wconf 90' lang='lat' dir='ltr'><strong>elementis</strong></span> <span class='ocrx_word' id='word_1_305' title='bbox 1034 3789 1136 3854; x_wconf 80' lang='lat' dir='ltr'><strong>pugna</strong></span> <span class='ocrx_word' id='word_1_306' title='bbox 1150 3769 1204 3835; x_wconf 89' lang='lat' dir='ltr'><strong>illa</strong></span> <span class='ocrx_word' id='word_1_307' title='bbox 1220 3773 1378 3836; x_wconf 87' lang='lat' dir='ltr'><strong>exarserat</strong></span> <span class='ocrx_word' id='word_1_308' title='bbox 1390 3768 1480 3835; x_wconf 90' lang='lat' dir='ltr'><strong>inter</strong></span> 
     </span>
     <span class='ocr_line' id='line_1_41' title="bbox 355 3850 1478 3942; baseline 0 -20"><span class='ocrx_word' id='word_1_309' title='bbox 355 3858 449 3924; x_wconf 81' lang='lat' dir='ltr'><strong>rerba</strong></span> <span class='ocrx_word' id='word_1_310' title='bbox 466 3850 549 3942; x_wconf 80' lang='lat' dir='ltr'><strong>legis</strong></span> <span class='ocrx_word' id='word_1_311' title='bbox 560 3865 592 3924; x_wconf 91' lang='lat' dir='ltr'><strong>et</strong></span> <span class='ocrx_word' id='word_1_312' title='bbox 609 3860 785 3926; x_wconf 88' lang='lat' dir='ltr'><strong>naturalem</strong></span> <span class='ocrx_word' id='word_1_313' title='bbox 801 3861 1006 3942; x_wconf 86' lang='lat' dir='ltr'><strong>aequitatem,</strong></span> <span class='ocrx_word' id='word_1_314' title='bbox 1016 3861 1130 3925; x_wconf 91' lang='lat' dir='ltr'><strong>deinde</strong></span> <span class='ocrx_word' id='word_1_315' title='bbox 1145 3858 1252 3923; x_wconf 89' lang='lat' dir='ltr'><strong>inter&#39;</strong></span> <span class='ocrx_word' id='word_1_316' title='bbox 1242 3877 1291 3922; x_wconf 85' lang='grc' dir='ltr'><strong>ιιι</strong></span> <span class='ocrx_word' id='word_1_317' title='bbox 1300 3857 1478 3937; x_wconf 79' lang='lat' dir='ltr'><strong>Quintium</strong></span> 
     </span>
     <span class='ocr_line' id='line_1_42' title="bbox 354 3947 1480 4031; baseline 0.001 -20"><span class='ocrx_word' id='word_1_318' title='bbox 354 3949 412 4012; x_wconf 91' lang='lat' dir='ltr'><strong>et</strong></span> <span class='ocrx_word' id='word_1_319' title='bbox 402 3966 451 4014; x_wconf 87' lang='lat' dir='ltr'><strong>tus</strong></span> <span class='ocrx_word' id='word_1_320' title='bbox 467 3949 621 4014; x_wconf 92' lang='lat' dir='ltr'><strong>naturale.</strong></span> <span class='ocrx_word' id='word_1_321' title='bbox 640 3950 700 4015; x_wconf 91' lang='lat' dir='ltr'><strong>Sed</strong></span> <span class='ocrx_word' id='word_1_322' title='bbox 716 3955 790 4015; x_wconf 93' lang='lat' dir='ltr'><strong>tunc</strong></span> <span class='ocrx_word' id='word_1_323' title='bbox 810 3949 964 4031; x_wconf 89' lang='lat' dir='ltr'><strong>praetoris</strong></span> <span class='ocrx_word' id='word_1_324' title='bbox 984 3949 1156 4014; x_wconf 83' lang='lat' dir='ltr'><strong>auctoritas</strong></span> <span class='ocrx_word' id='word_1_325' title='bbox 1170 3947 1300 4012; x_wconf 85' lang='lat' dir='ltr'><strong>inventa</strong></span> <span class='ocrx_word' id='word_1_326' title='bbox 1317 3951 1378 4020; x_wconf 88' lang='lat' dir='ltr'><strong>est,</strong></span> <span class='ocrx_word' id='word_1_327' title='bbox 1395 3965 1480 4029; x_wconf 83' lang='lat' dir='ltr'><strong>quae</strong></span> 
     </span>
     <span class='ocr_line' id='line_1_43' title="bbox 354 4035 1480 4120; baseline 0.002 -20"><span class='ocrx_word' id='word_1_328' title='bbox 354 4039 529 4103; x_wconf 85' lang='lat' dir='ltr'><strong>naturalem</strong></span> <span class='ocrx_word' id='word_1_329' title='bbox 542 4039 737 4120; x_wconf 86' lang='lat' dir='ltr'><strong>aequitatem</strong></span> <span class='ocrx_word' id='word_1_330' title='bbox 747 4043 859 4103; x_wconf 90' lang='lat' dir='ltr'><strong>contra</strong></span> <span class='ocrx_word' id='word_1_331' title='bbox 872 4038 1050 4103; x_wconf 88' lang='lat' dir='ltr'><strong>materialia</strong></span> <span class='ocrx_word' id='word_1_332' title='bbox 1064 4039 1170 4120; x_wconf 82' lang='lat' dir='ltr'><strong>legum</strong></span> <span class='ocrx_word' id='word_1_333' title='bbox 1182 4036 1288 4111; x_wconf 88' lang='lat' dir='ltr'><strong>verba;</strong></span> <span class='ocrx_word' id='word_1_334' title='bbox 1298 4035 1413 4101; x_wconf 87' lang='lat' dir='ltr'><strong>deinde</strong></span> <span class='ocrx_word' id='word_1_335' title='bbox 1426 4055 1480 4102; x_wconf 83' lang='lat' dir='ltr'><strong>ve·</strong></span> 
     </span>
     <span class='ocr_line' id='line_1_44' title="bbox 353 4124 1480 4212; baseline 0.003 -24"><span class='ocrx_word' id='word_1_336' title='bbox 353 4144 389 4190; x_wconf 92' lang='lat' dir='ltr'><strong>ro</strong></span> <span class='ocrx_word' id='word_1_337' title='bbox 406 4128 454 4192; x_wconf 87' lang='lat' dir='ltr'><strong>ius</strong></span> <span class='ocrx_word' id='word_1_338' title='bbox 470 4127 621 4192; x_wconf 85' lang='lat' dir='ltr'><strong>naturalis</strong></span> <span class='ocrx_word' id='word_1_339' title='bbox 643 4127 846 4212; x_wconf 90' lang='lat' dir='ltr'><strong>proprietatis</strong></span> <span class='ocrx_word' id='word_1_340' title='bbox 867 4131 978 4212; x_wconf 81' lang='lat' dir='ltr'><strong>contra</strong></span> <span class='ocrx_word' id='word_1_341' title='bbox 995 4127 1145 4209; x_wconf 86' lang='lat' dir='ltr'><strong>quiritale</strong></span> <span class='ocrx_word' id='word_1_342' title='bbox 1167 4127 1215 4190; x_wconf 90' lang='lat' dir='ltr'><strong>ius</strong></span> <span class='ocrx_word' id='word_1_343' title='bbox 1231 4128 1386 4190; x_wconf 88' lang='lat' dir='ltr'><strong>tueretur.</strong></span> <span class='ocrx_word' id='word_1_344' title='bbox 1406 4124 1480 4204; x_wconf 85' lang='lat' dir='ltr'><strong>Quo</strong></span> 
     </span>
     <span class='ocr_line' id='line_1_45' title="bbox 352 4214 1481 4298; baseline -0.001 -20"><span class='ocrx_word' id='word_1_345' title='bbox 352 4214 472 4282; x_wconf 89' lang='lat' dir='ltr'><strong>iactum</strong></span> <span class='ocrx_word' id='word_1_346' title='bbox 486 4221 534 4282; x_wconf 90' lang='lat' dir='ltr'><strong>est</strong></span> <span class='ocrx_word' id='word_1_347' title='bbox 550 4221 586 4281; x_wconf 90' lang='lat' dir='ltr'><strong>ut</strong></span> <span class='ocrx_word' id='word_1_348' title='bbox 601 4216 704 4284; x_wconf 86' lang='lat' dir='ltr'><strong>civilis</strong></span> <span class='ocrx_word' id='word_1_349' title='bbox 720 4217 897 4298; x_wconf 89' lang='lat' dir='ltr'><strong>proprietas</strong></span> <span class='ocrx_word' id='word_1_350' title='bbox 914 4217 953 4280; x_wconf 94' lang='lat' dir='ltr'><strong>ad</strong></span> <span class='ocrx_word' id='word_1_351' title='bbox 966 4217 1143 4284; x_wconf 91' lang='lat' dir='ltr'><strong>naturalem</strong></span> <span class='ocrx_word' id='word_1_352' title='bbox 1156 4215 1334 4287; x_wconf 88' lang='lat' dir='ltr'><strong>accederet,</strong></span> <span class='ocrx_word' id='word_1_353' title='bbox 1348 4230 1385 4278; x_wconf 89' lang='lat' dir='ltr'><strong>ac</strong></span> <span class='ocrx_word' id='word_1_354' title='bbox 1399 4231 1481 4297; x_wconf 91' lang='lat' dir='ltr'><strong>pau-</strong></span> 
     </span>
     <span class='ocr_line' id='line_1_46' title="bbox 354 4299 1476 4388; baseline 0.002 -20"><span class='ocrx_word' id='word_1_355' title='bbox 354 4304 444 4371; x_wconf 90' lang='lat' dir='ltr'><strong>latim</strong></span> <span class='ocrx_word' id='word_1_356' title='bbox 460 4324 511 4370; x_wconf 90' lang='lat' dir='ltr'><strong>res</strong></span> <span class='ocrx_word' id='word_1_357' title='bbox 531 4311 564 4371; x_wconf 95' lang='lat' dir='ltr'><strong>et</strong></span> <span class='ocrx_word' id='word_1_358' title='bbox 579 4324 731 4388; x_wconf 86' lang='lat' dir='ltr'><strong>personae</strong></span> <span class='ocrx_word' id='word_1_359' title='bbox 748 4307 851 4387; x_wconf 76' lang='lat' dir='ltr'><strong>legum</strong></span> <span class='ocrx_word' id='word_1_360' title='bbox 869 4299 1051 4386; x_wconf 80' lang='lat' dir='ltr'><strong>ambagibus</strong></span> <span class='ocrx_word' id='word_1_361' title='bbox 1068 4309 1100 4370; x_wconf 88' lang='grc' dir='ltr'><strong>ιι</strong></span> <span class='ocrx_word' id='word_1_362' title='bbox 1116 4305 1251 4370; x_wconf 87' lang='lat' dir='ltr'><strong>remoris</strong></span> <span class='ocrx_word' id='word_1_363' title='bbox 1259 4301 1476 4370; x_wconf 81' lang='lat' dir='ltr'><strong>solverentur.</strong></span> 
     </span>
     <span class='ocr_line' id='line_1_47' title="bbox 350 4391 1479 4479; baseline -0.004 -18"><span class='ocrx_word' id='word_1_364' title='bbox 350 4395 433 4462; x_wconf 89' lang='lat' dir='ltr'><strong>Hinc</strong></span> <span class='ocrx_word' id='word_1_365' title='bbox 454 4399 545 4479; x_wconf 91' lang='lat' dir='ltr'><strong>pacta</strong></span> <span class='ocrx_word' id='word_1_366' title='bbox 560 4396 674 4478; x_wconf 85' lang='lat' dir='ltr'><strong>quibus</strong></span> <span class='ocrx_word' id='word_1_367' title='bbox 697 4395 873 4478; x_wconf 87' lang='lat' dir='ltr'><strong>proprietas</strong></span> <span class='ocrx_word' id='word_1_368' title='bbox 888 4395 1041 4468; x_wconf 80' lang='lat' dir='ltr'><strong>delentur,</strong></span> <span class='ocrx_word' id='word_1_369' title='bbox 1063 4394 1232 4460; x_wconf 89' lang='lat' dir='ltr'><strong>levioribus</strong></span> <span class='ocrx_word' id='word_1_370' title='bbox 1256 4391 1387 4456; x_wconf 89' lang='lat' dir='ltr'><strong>vinculis</strong></span> <span class='ocrx_word' id='word_1_371' title='bbox 1404 4391 1479 4466; x_wconf 89' lang='lat' dir='ltr'><strong>alli-</strong></span> 
     </span>
     <span class='ocr_line' id='line_1_48' title="bbox 352 4481 1479 4566; baseline -0.004 -18"><span class='ocrx_word' id='word_1_372' title='bbox 352 4491 436 4566; x_wconf 72' lang='lat' dir='ltr'><strong>gata:</strong></span> <span class='ocrx_word' id='word_1_373' title='bbox 453 4485 666 4552; x_wconf 87' lang='lat' dir='ltr'><strong>successiones</strong></span> <span class='ocrx_word' id='word_1_374' title='bbox 687 4485 727 4548; x_wconf 87' lang='lat' dir='ltr'><strong>ad</strong></span> <span class='ocrx_word' id='word_1_375' title='bbox 741 4483 884 4550; x_wconf 80' lang='lat' dir='ltr'><strong>familiae</strong></span> <span class='ocrx_word' id='word_1_376' title='bbox 904 4489 938 4548; x_wconf 89' lang='lat' dir='ltr'><strong>et</strong></span> <span class='ocrx_word' id='word_1_377' title='bbox 951 4483 1115 4565; x_wconf 79' lang='lat' dir='ltr'><strong>sanguinis</strong></span> <span class='ocrx_word' id='word_1_378' title='bbox 1139 4481 1361 4565; x_wconf 77' lang='lat' dir='ltr'><strong>cognationem</strong></span> <span class='ocrx_word' id='word_1_379' title='bbox 1384 4481 1479 4544; x_wconf 89' lang='lat' dir='ltr'><strong>reda·</strong></span> 
     </span>
    </p>
   </div>
   <div class='ocr_carea' id='block_1_14' title="bbox 351 4566 1477 4658">
    <p class='ocr_par' dir='ltr' id='par_1_16' title="bbox 351 4566 1477 4658">
     <span class='ocr_line' id='line_1_49' title="bbox 351 4566 1477 4658; baseline -0.003 -21"><span class='ocrx_word' id='word_1_380' title='bbox 351 4579 432 4648; x_wconf 89' lang='lat' dir='ltr'><strong>ctae;</strong></span> <span class='ocrx_word' id='word_1_381' title='bbox 449 4579 649 4652; x_wconf 87' lang='lat' dir='ltr'><strong>testamenta,</strong></span> <span class='ocrx_word' id='word_1_382' title='bbox 663 4590 742 4658; x_wconf 89' lang='lat' dir='ltr'><strong>qnae</strong></span> <span class='ocrx_word' id='word_1_383' title='bbox 754 4572 832 4652; x_wconf 87' lang='lat' dir='ltr'><strong>olim</strong></span> <span class='ocrx_word' id='word_1_384' title='bbox 845 4589 884 4639; x_wconf 85' lang='lat' dir='ltr'><strong>ex</strong></span> <span class='ocrx_word' id='word_1_385' title='bbox 892 4571 1087 4656; x_wconf 88' lang='lat' dir='ltr'><strong>reipublicae</strong></span> <span class='ocrx_word' id='word_1_386' title='bbox 1100 4572 1292 4639; x_wconf 88' lang='lat' dir='ltr'><strong>auctoritate</strong></span> <span class='ocrx_word' id='word_1_387' title='bbox 1300 4566 1337 4636; x_wconf 88' lang='grc' dir='ltr'><strong>ἰι</strong></span> <span class='ocrx_word' id='word_1_388' title='bbox 1346 4587 1477 4634; x_wconf 88' lang='lat' dir='ltr'><strong>conces-</strong></span> 
     </span>
    </p>
   </div>
   <div class='ocr_carea' id='block_1_15' title="bbox 0 0 1616 5282">
    <p class='ocr_par' dir='ltr' id='par_1_17' title="bbox 0 0 1616 5282">
     <span class='ocr_line' id='line_1_50' title="bbox 0 0 1616 5282; baseline 0 1"><span class='ocrx_word' id='word_1_389' title='bbox 0 0 1616 5282; x_wconf 95' lang='lat' dir='ltr'><strong> </strong></span> 
     </span>
    </p>
   </div>
  </div>
 </body>
</html>
