3238 5282
435 333 502 398 stc
866 339 1044 398 trunsum.¹

388 497 437 563 tio
446 493 631 570 habebatur,
641 495 810 578 paucisque
816 496 1001 560 ordinandis
1008 493 1138 560 familiis
1145 493 1440 577 ampliorquacdam
1455 509 1522 577 pa·

388 586 523 652 tenuitas
536 585 722 650 subiciebat.
740 586 893 650 Volumus
907 603 1032 668 quoque
1047 583 1189 648 familiae
1203 584 1381 666 exemplum
1397 585 1521 649 trudu-

387 675 522 742 ceudum
535 691 603 739 esse
619 675 652 737 in
664 673 844 740 civitatem:
855 692 919 739 non
936 673 1032 740 nimis
1043 679 1164 748 nmen,
1174 691 1271 755 quum
1281 673 1347 739 sint
1359 673 1522 738 diversis-

388 765 469 830 sima
483 763 552 828 iura
567 763 667 846 patris
688 768 722 828 et
738 765 806 829 iura
820 764 1023 849 imperantis.
1038 762 1288 830 similitudinem
1304 761 1443 828 latemur
1460 763 1520 826 in-

388 859 440 920 ter
449 851 606 918 familiam
617 852 999 935 etcivitatem,istamque
1008 851 1395 936 perficiquumaliectibus
1406 857 1441 916 et
1454 849 1521 915 ob-

389 942 500 1026 sequio
515 939 555 1006 ad
570 941 660 1006 illam
674 943 855 1007 accesserit:
871 941 926 1007 scd
941 958 1137 1026 nequaquam
1156 941 1321 1022 analogiae
1334 941 1516 1015 subicient,

389 1029 427 1098 nt
437 1043 489 1096 ros
501 1035 534 1096 et
546 1030 616 1094 iura
626 1029 981 1113 permisceantur.Ergo
993 1039 1057 1094 uon
1069 1033 1156 1095 recta
1168 1030 1222 1093 illa
1235 1030 1406 1104 sentamia,
1426 1047 1518 1112 quae

391 1139 431 1187 ex
447 1119 569 1184 iamilia
583 1123 711 1185 tantuna
726 1120 774 1185 sel
788 1121 983 1201 paternitate
995 1119 1154 1201 originem
1174 1124 1208 1183 et
1227 1118 1408 1183 iurainiert
1421 1119 1519 1201 prin-

391 1210 528 1291 cipatus.
546 1210 617 1274 lano
631 1209 755 1293 populis
770 1211 880 1283 noxia,
898 1210 985 1292 quia,
1003 1209 1105 1291 patris
1121 1207 1281 1288 exemplo,
1300 1208 1398 1271 nimia
1418 1208 1519 1288 prin·

391 1315 465 1381 ceps
479 1297 540 1362 sibi
552 1297 741 1373 vindicaret:
752 1315 811 1363 nec
823 1299 928 1363 minus
939 1299 1062 1363 intensa
1074 1297 1281 1380 principibus,
1292 1296 1359 1380 qui,
1369 1296 1520 1361 familiae

336 1449 340 1457 .
391 1387 501 1462 titulo,
518 1387 678 1470 quomodo
694 1403 749 1450 sua
764 1387 940 1472 imperandi
955 1389 1024 1452 iura
1038 1387 1219 1452 tues-enimi
1233 1387 1321 1450 unae
1337 1386 1441 1467 igitur
1454 1403 1519 1468 po·

391 1481 534 1551 testates,
545 1475 699 1540 discretae
713 1475 850 1540 invicem
866 1472 891 1540 a'
900 1482 1024 1550 natura,
1035 1481 1109 1540 sunt
1121 1475 1242 1540 iamilia
1253 1479 1287 1540 et
1299 1475 1517 1558 principatus:

395 1567 472 1631 licet
486 1564 539 1630 bic
551 1582 624 1629 cum
636 1565 692 1628 illa
707 1571 802 1648 atque
815 1583 855 1630 ax
870 1566 925 1630 illa
941 1567 1089 1649 primitus
1103 1564 1261 1629 extiterit.

482 1654 574 1719 vill.
591 1654 680 1734 Quae
694 1671 767 1721 unm
782 1655 829 1719 ita
843 1654 1012 1730 sint‚nnde
1025 1654 1192 1720 afferemus
1202 1653 1398 1735 principatus
1413 1651 1520 1734 origi·

394 1761 481 1818 uem,
492 1759 556 1808 non
572 1748 670 1824 prout
685 1743 842 1825 generalis
856 1750 904 1810 cat
918 1745 1094 1818 institutio,
1105 1743 1159 1806 sad
1175 1746 1271 1824 prout
1286 1742 1431 1822 personis
1448 1743 1520 1806 alii·

394 1834 496 1916 gitur,
513 1837 609 1914 atque
630 1833 665 1896 in
680 1833 721 1897 iis
735 1834 967 1899 consideratur.
983 1832 1184 1899 Hereditaria
1202 1831 1344 1896 novimus
1360 1831 1516 1912 imperia:

274 1999 278 2004 Ι
394 1921 450 1986 scd
465 1919 587 2004 primus
599 1921 653 1985 ille
664 1922 772 2004 regiae
783 1940 867 1987 nunc
877 1923 998 2006 stirpis,
1008 1921 1169 2004 quomodo
1180 1919 1314 2002 sumpsit
1325 1919 1519 2001 imperium?

272 2035 275 2042 ·
395 2010 457 2076 Vel
472 2009 572 2091 stirpe
586 2009 642 2073 illa
655 2011 783 2092 penitus
796 2013 949 2085 extincta,
967 2011 1016 2076 vel
1038 2015 1148 2076 exacto
1163 2009 1458 2094 quomodocumque
1473 2009 1521 2073 le·

397 2099 514 2182 gitimo
527 2115 734 2180 personarum
749 2100 832 2174 iure,
842 2101 1010 2166 descendet
1022 2101 1153 2166 neDeus
1166 2104 1203 2163 ut
1213 2115 1310 2161 novos
1325 2098 1446 2178 deligat
1459 2099 1522 2162 im·

397 2187 561 2272 perantes?
569 2187 629 2252 llic
644 2205 678 2251 sc
693 2189 780 2253 sistit
794 2191 844 2253 ius
857 2191 1000 2254 divinum
1016 2190 1064 2253 vel
1077 2189 1231 2261 naturaie,
1242 2185 1359 2269 illaque
1374 2188 1522 2271 exposcit

397 2275 587 2359 populorum
602 2275 700 2351 iacta,
717 2277 831 2360 quibus
845 2279 992 2346 instituta
1007 2278 1160 2342 diviuitas
1176 2276 1369 2359 gubernandi
1386 2277 1521 2353 incultas

397 2365 529 2430 delectis
542 2365 727 2430 bominibus
740 2367 934 2435 conferatur.
949 2369 1091 2442 lietera„
1099 2375 1230 2430 vocante
1241 2367 1385 2446 imperio,
1401 2375 1430 2430 et
1442 2385 1521 2449 qoa-

399 2471 531 2534 ctsmpue
546 2456 612 2517 wan
626 2456 783 2538 deficiente
797 2456 936 2540 lepitimo
942 2465 1104 2537 potestate,
1117 2461 1153 2521 ut
1167 2457 1202 2519 iu
1213 2455 1321 2536 specie
1336 2455 1432 2520 alicui
1446 2473 1522 2540 prae

400 2544 464 2608 alio
479 2541 653 2619 deteratur,
672 2561 773 2626 neque
789 2563 807 2610 a
823 2545 891 2610 Deo
908 2564 1009 2627 neque
1023 2563 1041 2609 a
1058 2551 1169 2610 natura
1181 2545 1299 2609 iussum
1316 2549 1375 2620 est:
1394 2547 1450 2609 sed
1464 2563 1521 2610 nec

399 2637 436 2697 ut
450 2636 617 2696 externum
632 2633 810 2717 principem
826 2637 962 2718 accipiat
976 2635 1123 2716 populus,
1137 2633 1310 2699 externari
1326 2634 1519 2717 compulsus.

396 2719 499 2803 Ergo,
515 2739 572 2785 suo
588 2722 658 2786 iure
677 2728 711 2787 et
725 2723 823 2798 iacto,
840 2743 918 2806 gens
933 2725 1145 2805 imperantem
1168 2723 1228 2788 sibi
1243 2721 1373 2804 deliget,
1392 2742 1430 2787 ea
1447 2743 1523 2807 pru-

399 2811 510 2876 dentia
520 2815 561 2875 'ut
571 2811 669 2892 digno
680 2812 810 2894 dignior
820 2813 1031 2894 praeferatur,
1039 2814 1123 2894 quod
1134 2819 1260 2878 tantum
1273 2829 1312 2876 ex
1324 2813 1464 2878 naturali
1476 2831 1525 2877 se

399 2901 508 2982 quitur
524 2901 696 2982 aeipuitate.
715 2903 848 2966 Peracta
861 2921 935 2968 sero
947 2903 1267 2978 electione‚naturale
1282 2902 1332 2966 ius
1342 2903 1463 2968 electen
1475 2903 1524 2967 in·

399 2987 543 3070 graditur
558 2995 685 3072 gentem
698 3008 737 3055 ex
752 2991 924 3057 officiosus
935 2991 1078 3074 regendi,
1096 2992 1134 3055 ad
1148 2993 1249 3074 legem
1260 2995 1360 3055 status
1374 2997 1473 3073 atque
1484 2991 1523 3055 ad

390 3095 601 3144 communem
615 3079 803 3145 utilitatem.
821 3081 927 3161 Quod,
944 3083 1198 3162 obstrepentibus
1210 3080 1376 3156 militibus,
1391 3100 1522 3164 expres·

399 3174 484 3238 serat
498 3167 754 3234 Valentinianus:
774 3189 792 3227 a
810 3171 853 3236 Ut
869 3189 920 3235 me
935 3171 974 3235 ad
989 3172 1208 3254 imperandum
1224 3171 1400 3250 eligeretis,
1419 3171 1454 3235 in
1473 3187 1524 3234 ve

388 3261 478 3360 stra,
497 3274 517 3321 o
532 3259 667 3334 milites,
684 3260 780 3323 situm
796 3265 866 3324 erat
881 3265 1049 3344 potestate:
1074 3265 1107 3324 at
1123 3273 1197 3324 vero
1212 3263 1378 3344 postquam
1394 3277 1448 3326 me
1460 3260 1524 3324 ele·

152 3345 379 3496 :settle
400 3347 1420 3521 militabitis}scissibilisbistili:
1431 3372 1523 3521 {aa

399 3529 464 3590 stat
479 3524 590 3598 bomo,
606 3525 683 3608 quid
699 3543 774 3590 varo
789 3528 889 3592 Deus?
903 3529 1016 3593 liicam
1031 3527 1133 3592 brevi:
1150 3529 1241 3592 bomo
1256 3527 1352 3609 eligit,
1369 3527 1457 3591 Deus
1473 3529 1523 3591 in-

400 3613 513 3678 stitnit.
535 3611 576 3698 (o)
591 3613 662 3694 Quo
677 3615 732 3679 ilia
746 3616 966 3683 declarantur:
984 3639 1002 3676 a
1019 3617 1092 3683 lion
1104 3621 1152 3682 est
1166 3617 1252 3681 enirn
1272 3621 1410 3701 potestas
1426 3617 1489 3682 nisi
1505 3633 1522 3681 a

478 3774 519 3847 iol
534 3775 583 3832 llic
596 3782 642 3832 est
651 3778 784 3836 formulae
798 3793 906 3853 sensus,
927 3795 960 3836 ex
979 3786 1038 3836 toto
1050 3787 1147 3852 patens
1166 3786 1311 3850 contextu:
1326 3783 1418 3837 dmm
1432 3795 1523 3852 mum

400 3847 527 3924 populas
540 3849 633 3937 altqit,
642 3856 721 3912 Deus
731 3859 900 3929 principem
913 3858 1118 3913 inndsitllon
1131 3858 1203 3914 enim
1218 3858 1346 3929 princeps
1358 3855 1521 3928 eligebatur,

402 3941 487 3999 quum
506 3933 678 3998 principatus
693 3945 756 3986 cum
770 3934 856 4002 patria
871 3931 1034 3989 cohaerebat
1048 3941 1193 4002 potestate:
1208 3949 1259 3990 nec
1271 3943 1356 4006 quum
1371 3932 1473 3988 sensim
1488 3933 1523 3986 si-

402 4017 436 4058 ne
449 4017 532 4057 sensu
546 4001 580 4059 ab
594 4001 638 4058 illa
651 4002 846 4077 divellebatur,
862 4007 888 4064 in
903 4007 994 4080 magni
1012 4009 1126 4065 alicuius
1146 4010 1231 4080 patris
1245 4007 1453 4065 successoribus
1466 4022 1523 4062 ma·

401 4083 485 4134 neate
499 4079 665 4150 principatu
680 4097 731 4137 nec
744 4098 830 4155 quain
843 4098 876 4137 ex
885 4083 959 4140 iacto
973 4082 1063 4156 aliquo
1076 4083 1185 4141 fortuito
1199 4083 1241 4139 vel
1254 4085 1422 4154 necessario,
1439 4098 1524 4152 penes

402 4153 520 4228 aliquant
531 4157 802 4227 gentem,exordium
811 4159 928 4229 sumpsit
944 4160 1124 4232 principatum
1135 4175 1186 4217 nec
1202 4157 1363 4232 demum,ut
1374 4158 1450 4229 apud
1464 4157 1523 4214 cul·

402 4231 489 4287 tiores
502 4231 553 4287 hm
565 4237 675 4304 gentes,
696 4235 844 4292 constituta
856 4235 934 4306 regni
949 4235 1111 4308 bereditale,
1129 4251 1181 4309 qna
1192 4237 1321 4307 princeps
1334 4235 1459 4292 nascitur
1474 4249 1523 4290 non

402 4305 521 4379 eligitur.
531 4307 589 4364 Non
603 4309 840 4380 igitur,exelusivc
854 4316 902 4366 aut
913 4326 947 4366 ex
961 4311 1073 4382 tamilla,
1086 4319 1134 4368 aut
1148 4329 1183 4368 ex
1198 4311 1294 4368 bellica
1307 4311 1522 4383 approbantibus

405 4384 438 4454 tsi
452 4384 525 4440 iusta
538 4384 596 4456 siti,
610 4390 658 4440 aut
671 4399 705 4441 ar
718 4385 864 4457 electione,
877 4386 917 4442 vel
932 4388 1118 4458 successione,
1135 4403 1229 4444 reram
1243 4387 1323 4444 modo
1335 4403 1370 4444 es
1386 4401 1452 4456 uua,
1468 4399 1526 4442 mo-

404 4457 440 4513 do
454 4474 487 4514 es
501 4459 589 4516 altars
601 4474 696 4530 causa,
712 4462 878 4533 principatus
898 4463 975 4535 origo
988 4463 1180 4534 proficiscitur.
1200 4465 1381 4520 Pmfioisoitur
1403 4463 1523 4533 inquam,

404 4533 493 4604 quoad
507 4540 649 4590 externam
665 4537 705 4590 sui
719 4536 939 4607 applicationem,
948 4555 1000 4595 non
1010 4553 1075 4595 vero
1088 4541 1177 4612 quoad
1189 4542 1231 4596 sui
1245 4541 1483 4610 essentiam,quae
1496 4552 1525 4591 e·

404 4611 472 4666 tiam
484 4609 602 4682 eligente
616 4610 728 4685 populo,
750 4614 776 4668 in
794 4613 847 4668 beo
860 4620 942 4688 atque
959 4629 991 4672 ex
1010 4617 1065 4672 lieo
1079 4619 1131 4673 e'st.
1146 4617 1212 4674 Rem
1231 4631 1300 4688 pene
1314 4613 1401 4674 oculis
1420 4613 1524 4672 subiicit
