3228 5280
436 282 503 353 308
781 309 938 360 unsri.

395 457 482 526 rust,
497 454 644 536 usquead
657 463 857 536 praesentem
873 458 1099 538 imperatorem
1111 453 1279 537 loseplarm
1291 454 1527 526 franciscum,

395 542 483 606 cuius
494 549 580 608 reeta
593 544 848 610 meusEcclsaiae
859 546 992 610 melima
1004 550 1099 626 atque
1110 545 1252 624 imperia
1261 543 1457 608 salubriora
1471 547 1535 624 pot-

398 631 525 696 licetur.
538 633 620 697 Hinc
631 635 753 716 regium
763 643 952 716 exequatur,
963 633 1120 718 quoddam
1128 635 1218 714 quasi
1230 631 1387 712 vectigal,
1399 651 1476 716 quo
1487 649 1535 694 re·

396 719 442 800 gii
453 719 595 786 ministri
607 721 668 786 sibi
678 721 804 787 litteras
813 724 980 788 Pantiilsis
989 722 1176 797 subiiciunt,
1184 720 1275 802 quasi
1286 723 1536 802 pertimescen-

396 813 444 872 tes
456 809 572 872 nciliis
587 811 768 893 prohibitae
782 830 903 876 merces
917 813 951 875 in
966 813 1091 880 Statum
1106 811 1301 874 deienutarr:
1320 810 1490 874 inventio
1503 829 1536 872 o-

395 895 485 960 diosa
500 902 597 979 atque
612 898 761 976 incivilis,
781 901 815 964 ni
830 907 913 966 esset
925 900 961 964 in
976 900 1166 981 religionem
1183 897 1339 962 iniuriosa
1354 903 1473 982 atque
1488 899 1535 961 in-

395 985 508 1050 decora
520 985 573 1070 (o).
591 990 675 1054 llinc
689 1006 814 1073 quoque
828 1007 960 1054 censura
974 988 1135 1070 religiosis
1145 986 1328 1067 scripturis,
1337 995 1455 1071 atque
1468 987 1536 1068 epi·

394 1089 560 1155 srapamm
573 1075 702 1150 litteris,
712 1077 887 1142 missalibus
901 1085 935 1144 et
945 1078 1147 1142 catechismis
1156 1076 1290 1140 indicta:
1304 1093 1395 1156 quae
1411 1075 1534 1138 nullibi

395 1161 501 1227 acrior
510 1164 624 1246 riguit,
634 1183 729 1247 qnam
741 1168 822 1250 apud
832 1167 1033 1249 subalpinos,
1039 1183 1138 1248 usque
1148 1165 1189 1228 ad
1200 1182 1319 1228 annum
1327 1161 1447 1229 1848.
1461 1166 1535 1228 lure

395 1251 524 1316 demum
535 1254 750 1329 subveniendis
758 1256 931 1339 appellatio
943 1256 1125 1320 introducta
1137 1254 1177 1318 ab
1188 1253 1417 1317 ecclesiastico
1430 1254 1476 1316 ad
1488 1254 1534 1316 ci·

397 1340 459 1404 vile
472 1340 623 1418 tribunal,
640 1343 724 1408 dicta
740 1345 779 1408 ob
793 1346 906 1420 nium,
924 1344 997 1429 quia
1013 1344 1075 1408 boc
1089 1343 1174 1407 illi·
1186 1341 1358 1414 iudicium,
1380 1349 1531 1422 propter

397 1430 477 1495 iuris
489 1430 632 1508 abusum
649 1433 838 1516 suscipiebat
848 1434 1096 1500 relormandum.
1106 1430 1271 1498 i'alliditas
1281 1430 1360 1495 baec
1371 1432 1532 1512 primum

398 1520 526 1585 inducta
542 1539 601 1604 pro
616 1523 819 1604 possessorio,
836 1523 903 1588 sire
917 1524 957 1588 ad
972 1522 1121 1586 tuendam
1136 1520 1383 1603 possessionem,
1408 1539 1457 1585 ex
1473 1520 1532 1583 illo

396 1609 525 1673 subdole
536 1609 666 1693 irrepsit
677 1613 710 1674 in
722 1612 920 1693 petitorium:
929 1613 1043 1683 idest.a
1054 1611 1139 1674 lacto
1150 1613 1287 1673 externa
1296 1609 1336 1671 ad
1347 1609 1469 1689 ipsam
1483 1609 1532 1670 iu·

397 1698 442 1762 ris
448 1699 624 1784 rationem.
637 1700 771 1782 indigna
785 1701 1015 1766 catholicorum
1024 1699 1174 1764 vernatio:
1183 1697 1212 1761 si
1222 1698 1310 1761 enim
1321 1699 1357 1760 in
1373 1699 1529 1762 officium

397 1791 508 1868 peceat
519 1788 694 1871 episeopus,
707 1805 846 1854 acassam
860 1794 951 1872 patet
966 1790 1005 1854 ad
1019 1788 1217 1869 superiorem
1232 1787 1267 1849 in
1282 1786 1400 1850 eadem
1419 1787 1525 1861 linea,

398 1893 557 1958 nunqnam
573 1894 647 1941 vero
661 1879 701 1942 ab
715 1878 856 1944 Ecclesia
871 1879 911 1943 ad
925 1881 1154 1960 tmperatorem
1169 1876 1219 1959 (b).

493 1966 553 2031 lx.
570 1963 604 2030 6.
623 1967 697 2032 lura
711 1967 792 2051 (slve
806 1967 929 2052 abusus)
941 1966 1132 2050 proteqmdi
1149 1964 1292 2037 anomali,
1309 1964 1523 2044 inspiciendi,

396 2053 609 2128 subveniendi,
626 2052 785 2140 principes
800 2058 864 2121 iam
880 2057 1053 2138 arguebant
1076 2055 1115 2118 ad
1130 2052 1393 2137 pmtestanticam
1411 2055 1527 2120 Status

397 2143 679 2223 praeeminentiam
703 2163 881 2212 conversas.
898 2147 1006 2228 Nuper
1019 2163 1106 2217 vero,
1123 2160 1221 2227 quum
1235 2142 1342 2223 legum
1363 2142 1525 2225 imperio-

398 2246 531 2312 rumque
545 2231 728 2309 asteismos,
737 2251 796 2316 pro
811 2236 931 2319 optima
943 2234 1022 2298 iuris
1034 2233 1154 2314 publici
1164 2231 1281 2306 forma,
1294 2229 1442 2296 indictus
1454 2232 1524 2295 iue-

399 2317 453 2396 rit,
464 2319 525 2382 alia
539 2320 678 2384 ineunda
691 2329 760 2388 erat
772 2324 986 2388 viazreseissia
997 2319 1275 2404 nempeEcclesiae
1290 2319 1520 2398 aStatu‚eius-

399 2426 461 2490 que
475 2408 632 2489 expulsio:
649 2410 699 2475 ius
713 2413 883 2487 diuidendi,
900 2413 949 2477 ius
964 2411 1151 2492 amputandi.

488 2497 532 2562 x.
544 2497 590 2562 lle
605 2499 665 2563 boc
677 2501 791 2566 ultimo
805 2501 1007 2584 politicorum
1017 2502 1148 2566 invento
1159 2497 1323 2580 sequentia
1334 2498 1518 2564 certissima

399 2589 485 2650 sunt.
498 2586 529 2651 l.
540 2588 643 2652 Atlrea
657 2589 721 2665 lex,
736 2607 902 2673 progressu
917 2591 1082 2671 temporis,
1096 2595 1206 2669 gentes
1219 2605 1395 2669 earumque
1411 2605 1518 2654 mores

398 2675 431 2742 in
444 2675 634 2741 atheismum
646 2677 799 2744 detrudit.
813 2681 847 2744 2.
857 2680 962 2759 Quum
975 2679 1060 2744 nulla
1068 2673 1207 2761 unquam
1218 2693 1295 2759 gens
1303 2675 1458 2743 extiterit
1470 2677 1517 2740 rel

374 2793 378 2804 '
474 2803 514 2878 (nl
526 2803 641 2878 Regium
656 2809 831 2880 Eaeqssntssr
844 2822 898 2864 nou
912 2805 1024 2864 damnat
1037 2807 1072 2864 rbi
1084 2807 1187 2863 ductor
1198 2819 1246 2876 per
1259 2821 1290 2862 se
1303 2809 1388 2877 atqua
1403 2805 1517 2860 unirer-

398 2884 460 2952 sim,
476 2878 511 2937 ad
525 2882 611 2936 instar
625 2882 690 2937 iuris
700 2881 883 2958 protegendi,
898 2884 970 2955 quad
984 2883 1165 2940 clarissimum
1179 2888 1222 2937 est
1236 2897 1335 2936 munus
1350 2881 1445 2951 regiae
1460 2881 1515 2936 Ha-

399 2952 1427 3030 iestatis3sedpropterabosum‚quemapudnosarertitPrinciplsreligiosa
1436 2973 1515 3012 meos

398 3038 481 3103 atqua
495 3029 622 3088 fidelitas.
635 3034 691 3089 lmo
705 3034 733 3090 lit
748 3034 775 3089 iu
785 3033 924 3090 Ecclesiae
935 3034 1107 3105 praesidium:
1119 3048 1163 3103 ne,
1176 3031 1430 3104 pouq-apocriphas
1443 3034 1515 3088 Pon·

398 3107 476 3163 titicis
491 3106 599 3164 litterae
613 3123 663 3177 pro
675 3109 799 3181 genuinis
810 3108 1045 3182 venditentnr3vel
1055 3125 1089 3166 ne
1098 3108 1180 3176 lorte,
1193 3113 1258 3164 ante
1267 3107 1472 3176 executionem,
1481 3121 1512 3162 ea

398 3184 555 3240 Pontificem
569 3183 755 3256 lateaut‚quae
769 3185 802 3241 ad
816 3200 874 3240 rem
885 3192 1020 3256 spectent,
1032 3183 1263 3256 eiquepmpterea
1273 3198 1288 3238 a
1298 3182 1426 3251 Principe
1438 3183 1513 3238 eius·

398 3273 430 3313 ve
445 3257 574 3314 ministris
589 3256 702 3314 fideliter
715 3259 889 3316 subiicienda.
902 3261 1047 3334 Hucusque
1063 3258 1204 3315 Ecclesiae
1224 3265 1306 3331 atque
1321 3256 1433 3327 lmperii
1447 3273 1512 3312 eon-

398 3332 489 3464 οοῖἀίε
502 3335 708 3407 communisque
720 3333 823 3392 utilitas
837 3337 940 3392 lavetur
952 3343 981 3394 et
993 3335 1183 3393 corroboratur
1197 3334 1287 3407 (Noto
1296 3329 1431 3388 Editoris
1442 3347 1513 3388 neo-

416 3411 544 3464 ottarst.
1296 3445 1300 3452 -

392 3425 415 3482 p
474 3483 509 3557 (bl
523 3407 677 3555 DAppellatio
690 3485 837 3544 obabasas
850 3483 893 3542 vel
904 3487 1016 3559 propter
1028 3485 1156 3558 abusum,
1168 3483 1271 3542 nudum
1281 3481 1464 3554 possessionis
1474 3481 1514 3537 la-

399 3566 475 3616 ctum
490 3561 651 3629 respiciebat
660 3562 694 3617 ab
703 3562 787 3635 initio,
797 3579 831 3619 ne
842 3564 904 3636 quis
914 3563 1068 3621 inconsulto
1079 3578 1094 3618 e
1104 3576 1135 3617 re
1144 3577 1194 3618 sua
1202 3560 1363 3618 turbaretur
1372 3567 1437 3614 ante
1447 3573 1513 3628 pro-

398 3636 481 3692 latam
496 3650 511 3690 a
525 3634 614 3694 iudice
626 3637 815 3694 ecclesiastico
834 3640 1009 3696 sententiam.
1025 3637 1146 3696 Rabulae
1159 3652 1237 3708 vera,
1252 3641 1342 3691 tractu
1363 3635 1508 3704 temporis,

397 3709 431 3765 ad
445 3711 535 3767 omnia
549 3711 620 3768 illam
634 3711 818 3783 protulerunt,
834 3721 862 3771 et
874 3714 981 3772 ridiculi
995 3714 1059 3771 lacti
1070 3719 1144 3770 sant.
1155 3713 1232 3768 Anno
1245 3711 1318 3766 enim
1333 3711 1416 3782 lati,
1425 3725 1510 3781 quum

397 3785 458 3840 Em.
468 3785 500 3840 C.
511 3785 546 3846 de
556 3785 867 3860 bonaldbugdunensis
878 3789 1108 3862 archiepiscopus,
1116 3785 1263 3846 Manuale
1272 3788 1349 3842 iaris
1364 3785 1512 3841 Conantes·

396 3859 1510 4011 {lllll‘tit‘littlltttllttlllllllbtitillabit,'till

396 4007 558 4080 etesiarum,
571 4025 587 4065 a
601 4009 688 4084 laicis,
704 4014 833 4072 militibus
846 4015 949 4086 laisan,
959 4014 1062 4073 iudaeis
1072 4013 1114 4072 rel
1128 4011 1351 4084 protestantibus.
1361 4010 1457 4067 Nonne
1468 4011 1509 4066 io·

395 4084 489 4142 eulare
502 4083 739 4158 iudiciumllluper
748 4098 840 4148 autem
853 4093 923 4162 apud
937 4091 1088 4150 llelveticos
1099 4096 1126 4146 et
1136 4087 1308 4160 Subalpines,
1319 4101 1404 4159 quum
1420 4085 1509 4169 depu-

395 4161 443 4218 tati
454 4159 488 4218 ad
499 4161 614 4218 Comitia
626 4162 769 4221 nationalia
784 4167 951 4240 eligerentur
961 4165 1110 4242 presbyteri
1122 4164 1245 4236 suspensi
1260 4162 1299 4219 ael
1314 4160 1500 4230 suspendendi

396 4237 465 4309 (mos
475 4237 541 4308 asti,
551 4235 699 4308 appellatio
712 4256 819 4315 qaoque
830 4241 868 4299 ad
882 4244 980 4300 eadem
989 4243 1102 4299 Comitia
1115 4237 1348 4310 interponebatur.
1357 4238 1453 4292 Nonne
1465 4236 1501 4290 ri-

394 4311 487 4368 dicula
496 4312 661 4386 appellatio?
670 4317 782 4372 Comitia
793 4333 855 4373 vero
866 4319 899 4374 nd
910 4335 980 4392 quae
994 4317 1042 4374 soli
1056 4317 1111 4372 lere
1124 4315 1291 4386 deputentur
1300 4312 1379 4368 huius
1390 4311 1501 4367 luriuris

393 4387 559 4462 presbyteri,
574 4402 662 4445 nonne
678 4391 820 4463 plusquam
834 4392 1122 4451 honorabiliolllide:
1139 4396 1181 4446 De
1195 4386 1427 4463 l'nppelcomme
1438 4387 1505 4442 d'o·

391 4463 458 4594 gas¹³
470 4479 522 4548 sors
535 4467 657 4598 assigna,
673 4485 725 4524 sorr
738 4467 868 4541 propris,
885 4475 911 4526 et
924 4470 1050 4541 aaudiat
1069 4469 1194 4542 present,
1211 4479 1258 4538 pur
1272 4463 1306 4522 tt.
1323 4459 1499 4534 arenamque

409 4553 425 4594 e
458 4547 552 4613 arist
618 4579 624 4594 .
