3228 5280
431 275 500 344 286

391 441 490 526 legati
503 457 580 507 snae
594 441 688 506 unice
709 438 932 524 obtespperent
946 438 1118 506 voluntati.
1142 438 1214 521 Qua
1228 438 1359 506 ratione
1371 444 1518 524 potestas

392 531 580 614 legislativa,
597 547 617 594 a
631 547 707 612 rege
721 534 816 613 atque
830 547 850 594 a
865 529 985 612 populo
996 527 1166 606 munem,
1180 529 1216 592 in
1230 545 1409 612 paucorum
1426 535 1517 596 usn

393 621 438 688 sit
451 619 720 693 dominationem,
737 635 818 702 quae
831 616 1006 701 oligarcbia
1021 622 1235 700 nuncupatur.

481 707 660 788 vusoud
675 708 715 772 de
730 713 890 790 potestate
904 705 1084 772 exendum?
1099 706 1193 772 lllam
1206 706 1327 778 intem
1341 706 1434 789 regis
1449 707 1516 774 ati-

394 797 501 873 nistri,
518 795 574 879 qui
587 796 686 862 toties
699 797 812 880 repelli
827 799 958 880 possunt
968 814 987 860 a
998 793 1159 870 Consiliis,
1172 796 1274 860 donee
1284 797 1372 876 anti
1384 797 1517 879 eligan-

393 887 551 952 tuttundo
560 885 1138 969 infirmiusillorumpraeelarissima,
1147 884 1517 969 atqueversatilismens

394 982 429 1040 et
438 974 647 1059 sapientia,ut
657 975 837 1042 dominanti
849 974 983 1041 lectioni
994 974 1267 1061 ooaaqmntmne
1276 974 1517 1055 pereuntium

276 1107 279 1116 ,
393 1081 468 1128 cum
482 1064 618 1130 ambitio
633 1064 856 1143 ambitionem,
874 1061 973 1129 ta'ctio
988 1062 1162 1129 lectionem
1176 1066 1305 1144 premat
1323 1061 1360 1127 in
1374 1062 1517 1144 regimi-

395 1170 437 1217 ne
447 1154 728 1236 repraesentativa,
737 1171 801 1236 quo
809 1171 920 1219 omnes
927 1151 1088 1236 passiam
1094 1154 1335 1226 eoaeenantur,
1345 1151 1516 1218 llinistris

395 1240 527 1324 ingenio
540 1242 795 1308 contendendum
809 1247 870 1318 est,
887 1260 950 1308 nou
962 1245 1097 1308 utrecte
1107 1241 1231 1306 clarum
1243 1246 1386 1318 teneant,
1401 1241 1462 1306 sed
1476 1257 1517 1305 ne

395 1331 651 1414 supplantentur.
665 1331 809 1402 Ρῐίωιιιιι
823 1332 932 1413 itaque
946 1349 981 1396 se
994 1332 1116 1414 stipant
1128 1328 1253 1404 amicis,
1266 1328 1516 1396 incontinenter

398 1419 440 1484 ad
454 1436 586 1487 munera
600 1419 729 1502 publica
743 1420 969 1504 irrepentibus,
985 1419 1143 1487 vetenbtn
1157 1417 1286 1484 reiectis
1300 1435 1398 1499 saepe
1415 1437 1523 1508 expe-¹

399 1508 517 1574 rientia
533 1513 567 1574 et
582 1508 645 1573 lide
659 1509 934 1590 praecellentibus:
951 1508 1039 1576 bisne
1058 1507 1086 1573 si
1102 1508 1213 1591 pensio
1228 1506 1370 1581 addition,
1387 1507 1514 1573 inostro

397 1614 452 1662 aas
467 1597 629 1678 publicum
643 1597 829 1684 effunditur:
845 1596 873 1663 si
890 1603 1033 1681 negatur,
1050 1597 1167 1663 iniuste
1177 1594 1295 1678 agium
1308 1595 1516 1661 adversariis

397 1703 524 1769 quoque
538 1687 601 1751 olla
613 1687 749 1770 plurima
763 1687 950 1762 inliciendo,
967 1705 1007 1752 ue
1017 1691 1169 1754 noceant.
1181 1684 1318 1759 Emeudi
1328 1683 1516 1766 ephemeri-

398 1775 475 1840 dum
488 1775 675 1859 scriptores,
694 1793 735 1842 ne
750 1776 900 1842 elatrent.
916 1773 1153 1862 Corrumpenda
1167 1774 1341 1840 electonuu
1356 1773 1513 1856 collegia.

398 1862 486 1929 llaec
499 1865 609 1930 omnia
618 1866 725 1952 populi
733 1861 1515 1948 pecuniasuntperagendazunderebementasae·

399 1951 570 2035 rispublici
577 1954 820 2037 dilapidationes
832 1953 970 2038 aliquam
984 1953 1147 2036 recipiunt
1158 1950 1421 2035 explicationem.
1439 1952 1514 2018 bla-

400 2041 469 2104 iora
485 2046 592 2107 autem
607 2044 689 2107 mala
701 2046 789 2118 sunt,
802 2042 1124 2126 versutiae'exempla,
1136 2040 1259 2106 venalia
1269 2038 1394 2113 omnia,
1408 2040 1514 2106 virtu-

400 2129 444 2194 tis
454 2129 633 2205 dissolutio,
642 2137 676 2196 et
686 2131 901 2214 corruptionis
912 2131 1033 2207 sc'lrola,
1045 2150 1086 2197 ex
1097 2128 1226 2214 imperii
1236 2127 1378 2194 culmine
1389 2127 1428 2192 in
1437 2129 1514 2193 sub-

400 2213 486 2284 ditos
497 2219 698 2300 profluentia.
711 2220 795 2286 Hine
805 2220 984 2286 animonun
995 2226 1030 2286 et
1036 2220 1142 2302 gentis
1152 2217 1304 2291 abiectio,
1313 2216 1403 2289 inuis
1413 2223 1452 2285 et
1463 2217 1513 2282 io-

401 2304 459 2370 ris:
474 2306 550 2386 ἀιιιιι
565 2307 652 2373 enirn
667 2307 804 2374 liberum
816 2326 924 2391 regem
932 2326 986 2373 sua
994 2308 1132 2390 impellit
1139 2307 1309 2374 utilitasut
1315 2306 1424 2388 gentis
1435 2323 1513 2372 suaa

400 2389 528 2460 tueutarr
542 2394 734 2477 libertatem,
751 2402 897 2464 econtra
911 2397 1058 2464 minister
1071 2395 1341 2464 constitutionalis
1360 2412 1421 2459 sua
1438 2394 1513 2460 alli-

400 2482 486 2548 nitur
499 2483 654 2574 utilitate,
668 2492 709 2572 ut·
719 2488 759 2552 ab
773 2492 883 2553 extera
898 2486 1085 2569 quandoque
1099 2490 1195 2568 gente
1208 2485 1299 2549 illam
1308 2483 1371 2548 sibi
1382 2483 1512 2560 meudi-

399 2576 451 2637 cet
465 2589 559 2655 quam
572 2573 660 2640 intus
678 2594 742 2640 uon
756 2573 853 2642 habet
872 2576 1071 2642 firmitatem.
1086 2576 1170 2642 Hinc
1182 2575 1365 2640 decrescens
1379 2571 1512 2638 umin-

398 2660 484 2736 niae,
501 2661 683 2745 Hispaniae,
701 2663 825 2742 Galliae
839 2671 873 2732 et
886 2664 1089 2730 Pedamonus
1102 2670 1234 2731 externa
1249 2662 1384 2728 libertas
1398 2666 1434 2727 et
1446 2661 1508 2727 ris.

395 2748 480 2816 ilinc
494 2750 622 2816 demum
635 2753 823 2819 Britanniae
836 2754 931 2824 ardor
940 2758 977 2819 ut
987 2751 1144 2834 regimina
1154 2752 1233 2817 baec
1243 2755 1508 2836 promoreantur:

396 2838 513 2921 emptis
527 2839 615 2904 euim
629 2841 788 2908 ministris
802 2847 837 2908 et
850 2842 1003 2924 comitiis,
1016 2842 1074 2906 illa
1084 2841 1199 2924 ubique
1209 2837 1461 2924 dominatuum).

475 2927 675 3008 Vlll.Quum
686 2931 747 2995 soli
760 2931 903 2997 bliuistri
914 2931 992 2998 iacti
1000 2931 1066 2997 sim
1076 2928 1395 3011 rapnmntttesiund
1406 2930 1510 2994 mira-

395 3015 460 3087 bile
471 3015 576 3083 actum
584 3023 688 3094 estut
696 3037 790 3083 nemo
801 3020 866 3083 iam
877 3020 916 3087 de
927 3039 962 3084 re
972 3020 1094 3104 publica
1106 3019 1346 3085 teneatur.llon
1358 3020 1441 3096 llex,
1449 3019 1509 3103 qui

396 3105 476 3176 nibil
488 3107 555 3188 agit
566 3108 635 3172 siue
645 3107 817 3182 Ministris,
830 3113 866 3174 ut
878 3109 1014 3190 pupillus
1028 3109 1086 3173 sub
1099 3112 1208 3196 tutope
1217 3106 1422 3183 constitutm3
1440 3127 1509 3174 non

393 3190 545 3272 Comitia,
562 3197 678 3281 quibus
688 3196 831 3281 superius
845 3197 982 3265 tribunat
997 3216 1063 3264 non
1074 3195 1249 3273 invonitnn
1263 3212 1327 3273 nou
1339 3195 1404 3277 ipsi
1415 3197 1511 3262 deni·

472 3393 513 3467 (a)
527 3392 846 3451 invictissimaiactorum
855 3390 1098 3464 demonstratione,
1112 3407 1183 3468 quae
1193 3399 1256 3452 anta
1266 3410 1366 3452 mnam
1378 3396 1509 3454 witles-

396 3472 439 3524 set
451 3469 657 3542 Subalpinorum
668 3469 800 3541 sapientia
811 3467 912 3538 civilis,
924 3467 1053 3543 dignitas,
1063 3471 1106 3526 vis
1120 3475 1203 3542 atque
1213 3471 1366 3528 aestimtio
1374 3470 1450 3543 apud
1458 3487 1510 3530 oe·

397 3549 472 3600 teras
484 3553 590 3617 genus,
604 3560 692 3616 nuper
703 3543 782 3600 evicit
794 3550 885 3602 mente
898 3553 980 3618 atque
993 3545 1084 3602 auimo
1096 3545 1224 3619 egregius
1237 3546 1398 3618 air,i,eomes
1412 3547 1510 3606 solaro

398 3618 470 3704 della
483 3621 636 3693 Margarita,
645 3621 672 3677 in
684 3620 843 3706 gravissimo
854 3635 949 3707 opere:¹
954 3619 1183 3707 Memorandum
1195 3625 1303 3679 stortae
1312 3621 1509 3696 politian-To·

400 3707 472 3826 ιιι
484 3693 1207 3844 atacinus
1219 3695 1509 3829 ΝΜ

399 3856 461 3898 rum
474 3847 620 3903 concordia
632 3849 738 3918 penitus
750 3846 878 3919 abrupta,
887 3847 997 3919 seriptis
1008 3847 1226 3904 obscoenissimis
1236 3853 1265 3904 et
1278 3846 1511 3921 legibusneligio-

400 3931 434 3974 ne
450 3919 580 3993 sacrilege
594 3928 760 3998 contempta,
769 3921 878 3993 politica
890 3921 1018 3982 etmornli
1033 3922 1218 3993 aestimatione
1224 3922 1297 3994 apud
1305 3929 1407 3997 gentes
1419 3924 1513 3980 immi-

400 3998 485 4049 nuta:
499 3995 673 4054 haecomnia
686 4013 738 4055 neo
751 3996 892 4056 referenda
905 4005 978 4069 sunt,
986 4013 1068 4070 quum
1081 3998 1168 4056 oculis
1180 4005 1300 4070 pateant.
1308 4001 1336 4057 Si
1348 3998 1480 4056 illaeratt
1498 4028 1512 4044 ·

400 4069 504 4144 raonis,
518 4086 571 4145 qua
584 4077 646 4129 octo
659 4073 828 4131 saeculorum
840 4072 925 4146 gloria
941 4089 1008 4146 gens
1021 4073 1069 4130 illa
1082 4073 1228 4132 laetissime
1237 4081 1410 4150 excreverat3
1426 4075 1450 4131 si
1464 4017 1511 4132 ilia

400 4159 471 4229 quae
484 4147 664 4205 nuoeobtinet
673 4148 912 4221 cisilisappellatur
920 4147 1400 4222 sapientia3nonneverbarerumqua
1412 4164 1512 4207 essen-

400 4224 453 4277 ttae
468 4222 663 4283 immutantur?
672 4225 742 4296 ileu,
756 4225 854 4297 patria!
868 4226 938 4297 ileu,
953 4223 1107 4283 dolori.....
1121 4225 1232 4282 Fuimus
1243 4225 1337 4282 'l'roest
1350 4224 1400 4282 llla
1413 4240 1514 4283 oeenr-

403 4303 479 4370 rnut‚
493 4314 558 4358 vera
571 4299 660 4372 nimis,
673 4299 761 4357 tristia
773 4307 802 4357 et
813 4299 987 4358 miserabilia:
1000 4301 1141 4358 «Siccome
1154 4299 1182 4358 la
1194 4291 1281 4359 liuona
1293 4300 1354 4358 iede
1368 4315 1424 4357 noa
1437 4301 1512 4359 volta

401 4369 452 4430 ebe
464 4373 609 4444 pendulae
622 4391 675 4432 noo
689 4376 710 4432 si
718 4375 864 4448 riacquista
877 4376 934 4449 pini,
943 4391 1035 4433 senon
1047 4377 1072 4434 si
1080 4377 1233 4435 rioaaminoia
1243 4374 1261 4434 il
1273 4375 1334 4450 giro
1345 4389 1395 4447 per
1408 4374 1436 4432 la
1450 4377 1514 4434 bar·

401 4443 687 4600 Rffiieffi'eemmeuta
701 4465 796 4512 nonso
809 4449 860 4508 ebe
869 4450 1074 4556 augadauro·
1090 4453 1242 4544 φονικῷ.
1253 4451 1514 4526 eontin.Guieeiar.‚
