<?xml version="1.0" encoding="UTF-8"?>
<!DOCTYPE html PUBLIC "-//W3C//DTD XHTML 1.0 Transitional//EN"
    "http://www.w3.org/TR/xhtml1/DTD/xhtml1-transitional.dtd">
<html xmlns="http://www.w3.org/1999/xhtml" xml:lang="en" lang="en">
 <head>
  <title>
</title>
<meta http-equiv="Content-Type" content="text/html;charset=utf-8" />
  <meta name='ocr-system' content='tesseract 3.04.00' />
  <meta name='ocr-capabilities' content='ocr_page ocr_carea ocr_par ocr_line ocrx_word'/>
</head>
<body>
  <div class='ocr_page' id='page_1' title='image "./iurisnaturaeetg01audigoog_0215.png"; bbox 0 0 3238 5282; ppageno 0'>
   <div class='ocr_carea' id='block_1_1' title="bbox 406 295 998 367">
    <p class='ocr_par' dir='ltr' id='par_1_1' title="bbox 406 295 998 367">
     <span class='ocr_line' id='line_1_1' title="bbox 406 295 998 367; baseline -0.002 -3"><span class='ocrx_word' id='word_1_1' title='bbox 406 295 472 365; x_wconf 72' lang='lat' dir='ltr'>19t</span> <span class='ocrx_word' id='word_1_2' title='bbox 853 317 949 367; x_wconf 78' lang='lat' dir='ltr'>runnu</span> <span class='ocrx_word' id='word_1_3' title='bbox 964 318 998 366; x_wconf 91' lang='grc' dir='ltr'>ιι.</span> 
     </span>
    </p>
   </div>
   <div class='ocr_carea' id='block_1_2' title="bbox 113 463 1504 4376">
    <p class='ocr_par' dir='ltr' id='par_1_2' title="bbox 359 463 1492 724">
     <span class='ocr_line' id='line_1_2' title="bbox 464 463 1485 546; baseline 0.006 -19"><span class='ocrx_word' id='word_1_4' title='bbox 464 464 523 528; x_wconf 89' lang='lat' dir='ltr'>lll.</span> <span class='ocrx_word' id='word_1_5' title='bbox 543 463 626 542; x_wconf 85' lang='lat' dir='ltr'>Quid</span> <span class='ocrx_word' id='word_1_6' title='bbox 643 465 681 528; x_wconf 90' lang='lat' dir='ltr'>de</span> <span class='ocrx_word' id='word_1_7' title='bbox 697 463 848 528; x_wconf 79' lang='lat' dir='ltr'>advenis?</span> <span class='ocrx_word' id='word_1_8' title='bbox 863 465 983 538; x_wconf 86' lang='lat' dir='ltr'>Domus</span> <span class='ocrx_word' id='word_1_9' title='bbox 996 464 1129 546; x_wconf 87' lang='lat' dir='ltr'>relugii,</span> <span class='ocrx_word' id='word_1_10' title='bbox 1147 463 1251 528; x_wconf 89' lang='lat' dir='ltr'>omnis</span> <span class='ocrx_word' id='word_1_11' title='bbox 1267 468 1356 529; x_wconf 87' lang='lat' dir='ltr'>terra</span> <span class='ocrx_word' id='word_1_12' title='bbox 1371 463 1485 532; x_wconf 85' lang='lat' dir='ltr'>lsrael:</span> 
     </span>
     <span class='ocr_line' id='line_1_3' title="bbox 360 550 1490 638; baseline 0.008 -27"><span class='ocrx_word' id='word_1_13' title='bbox 360 571 377 611; x_wconf 90' lang='grc' dir='ltr'>ιι</span> <span class='ocrx_word' id='word_1_14' title='bbox 394 550 472 618; x_wconf 87' lang='lat' dir='ltr'>Non.</span> <span class='ocrx_word' id='word_1_15' title='bbox 483 553 586 615; x_wconf 87' lang='lat' dir='ltr'>trades</span> <span class='ocrx_word' id='word_1_16' title='bbox 602 571 728 620; x_wconf 89' lang='lat' dir='ltr'>servum</span> <span class='ocrx_word' id='word_1_17' title='bbox 739 553 874 617; x_wconf 92' lang='lat' dir='ltr'>domino</span> <span class='ocrx_word' id='word_1_18' title='bbox 885 570 959 629; x_wconf 91' lang='lat' dir='ltr'>suo,</span> <span class='ocrx_word' id='word_1_19' title='bbox 976 553 1031 638; x_wconf 87' lang='lat' dir='ltr'>qui</span> <span class='ocrx_word' id='word_1_20' title='bbox 1048 553 1087 618; x_wconf 91' lang='lat' dir='ltr'>ad</span> <span class='ocrx_word' id='word_1_21' title='bbox 1104 552 1343 638; x_wconf 22' lang='lat' dir='ltr'>telconlugerit3</span> <span class='ocrx_word' id='word_1_22' title='bbox 1362 553 1490 620; x_wconf 87' lang='lat' dir='ltr'>habita-</span> 
     </span>
     <span class='ocr_line' id='line_1_4' title="bbox 359 640 1492 724; baseline 0.006 -22"><span class='ocrx_word' id='word_1_23' title='bbox 359 640 407 704; x_wconf 86' lang='lat' dir='ltr'>bit</span> <span class='ocrx_word' id='word_1_24' title='bbox 421 644 527 706; x_wconf 81' lang='lat' dir='ltr'>te&#39;cum</span> <span class='ocrx_word' id='word_1_25' title='bbox 542 641 576 705; x_wconf 92' lang='lat' dir='ltr'>in</span> <span class='ocrx_word' id='word_1_26' title='bbox 592 642 661 707; x_wconf 91' lang='lat' dir='ltr'>loco</span> <span class='ocrx_word' id='word_1_27' title='bbox 676 642 731 723; x_wconf 82' lang='lat' dir='ltr'>qui</span> <span class='ocrx_word' id='word_1_28' title='bbox 746 642 777 707; x_wconf 92' lang='lat' dir='ltr'>ei</span> <span class='ocrx_word' id='word_1_29' title='bbox 792 641 960 724; x_wconf 77' lang='lat' dir='ltr'>placuerit,</span> <span class='ocrx_word' id='word_1_30' title='bbox 978 648 1010 707; x_wconf 89' lang='lat' dir='ltr'>et</span> <span class='ocrx_word' id='word_1_31' title='bbox 1025 641 1065 706; x_wconf 88' lang='lat' dir='ltr'>in·</span> <span class='ocrx_word' id='word_1_32' title='bbox 1075 659 1138 718; x_wconf 85' lang='lat' dir='ltr'>una</span> <span class='ocrx_word' id='word_1_33' title='bbox 1152 642 1281 712; x_wconf 84' lang='lat' dir='ltr'>urbiam</span> <span class='ocrx_word' id='word_1_34' title='bbox 1293 647 1418 706; x_wconf 84' lang='lat' dir='ltr'>marum</span> <span class='ocrx_word' id='word_1_35' title='bbox 1437 661 1492 709; x_wconf 83' lang='lat' dir='ltr'>re·</span> 
     </span>
    </p>

    <p class='ocr_par' dir='ltr' id='par_1_3' title="bbox 113 686 1497 1880">
     <span class='ocr_line' id='line_1_5' title="bbox 113 686 1490 822; baseline 0.004 -31"><span class='ocrx_word' id='word_1_36' title='bbox 113 686 338 822; x_wconf 41' lang='grc' dir='ltr'>Χὲῧῖῗιξζθῗὲζ</span> <span class='ocrx_word' id='word_1_37' title='bbox 358 727 511 810; x_wconf 77' lang='lat' dir='ltr'>quiescet:</span> <span class='ocrx_word' id='word_1_38' title='bbox 523 748 562 794; x_wconf 93' lang='lat' dir='ltr'>ne</span> <span class='ocrx_word' id='word_1_39' title='bbox 573 731 742 796; x_wconf 83' lang='lat' dir='ltr'><strong>contristes</strong></span> <span class='ocrx_word' id='word_1_40' title='bbox 755 749 827 795; x_wconf 89' lang='lat' dir='ltr'>eum</span> <span class='ocrx_word' id='word_1_41' title='bbox 843 727 884 812; x_wconf 88' lang='lat' dir='ltr'>l).</span> <span class='ocrx_word' id='word_1_42' title='bbox 897 753 914 794; x_wconf 80' lang='lat' dir='ltr'>o</span> <span class='ocrx_word' id='word_1_43' title='bbox 928 732 1100 814; x_wconf 80' lang='lat' dir='ltr'>Praecepta</span> <span class='ocrx_word' id='word_1_44' title='bbox 1111 730 1321 796; x_wconf 86' lang='lat' dir='ltr'>humanitatis</span> <span class='ocrx_word' id='word_1_45' title='bbox 1332 748 1429 814; x_wconf 90' lang='lat' dir='ltr'>opera</span> <span class='ocrx_word' id='word_1_46' title='bbox 1442 729 1490 814; x_wconf 56' lang='grc' dir='ltr'>ἢ),</span> 
     </span>
     <span class='ocr_line' id='line_1_6' title="bbox 132 808 1492 918; baseline 0.004 -39"><span class='ocrx_word' id='word_1_47' title='bbox 132 837 160 908; x_wconf 72' lang='lat'>2)</span> <span class='ocrx_word' id='word_1_48' title='bbox 175 808 338 911; x_wconf 76' lang='lat' dir='ltr'>lb.‚&#39;x,&#39;19.</span> <span class='ocrx_word' id='word_1_49' title='bbox 358 822 505 916; x_wconf 81' lang='lat' dir='ltr'>peractae</span> <span class='ocrx_word' id='word_1_50' title='bbox 517 819 594 886; x_wconf 91' lang='lat' dir='ltr'>olim</span> <span class='ocrx_word' id='word_1_51' title='bbox 609 819 771 886; x_wconf 89' lang='lat' dir='ltr'>servltutis</span> <span class='ocrx_word' id='word_1_52' title='bbox 786 820 910 885; x_wconf 81' lang='lat' dir='ltr'>adiectu</span> <span class='ocrx_word' id='word_1_53' title='bbox 917 821 1160 885; x_wconf 83' lang='lat' dir='ltr'>recordatione:</span> <span class='ocrx_word' id='word_1_54' title='bbox 1181 839 1199 879; x_wconf 89' lang='grc' dir='ltr'>ιι</span> <span class='ocrx_word' id='word_1_55' title='bbox 1215 819 1258 886; x_wconf 83' lang='lat' dir='ltr'>Et</span> <span class='ocrx_word' id='word_1_56' title='bbox 1272 819 1492 918; x_wconf 68' lang='lat' dir='ltr'>recordaberis</span> 
     </span>
     <span class='ocr_line' id='line_1_7' title="bbox 134 905 1493 997; baseline 0.006 -29"><span class='ocrx_word' id='word_1_57' title='bbox 134 915 160 984; x_wconf 73' lang='lat' dir='ltr'>sl</span> <span class='ocrx_word' id='word_1_58' title='bbox 172 915 339 983; x_wconf 80' lang='lat' dir='ltr'>lb.xv1,12.</span> <span class='ocrx_word' id='word_1_59' title='bbox 359 906 433 990; x_wconf 89' lang='lat' dir='ltr'>quia</span> <span class='ocrx_word' id='word_1_60' title='bbox 448 925 554 972; x_wconf 88' lang='lat' dir='ltr'>servus</span> <span class='ocrx_word' id='word_1_61' title='bbox 567 908 665 973; x_wconf 79' lang='lat' dir='ltr'>tueris</span> <span class='ocrx_word' id='word_1_62' title='bbox 677 909 710 974; x_wconf 92' lang='lat' dir='ltr'>iu</span> <span class='ocrx_word' id='word_1_63' title='bbox 723 913 869 992; x_wconf 78' lang='lat' dir='ltr'>Aegypto</span> <span class='ocrx_word' id='word_1_64' title='bbox 877 905 922 993; x_wconf 85' lang='lat'>3).</span> <span class='ocrx_word' id='word_1_65' title='bbox 934 933 951 972; x_wconf 83' lang='grc' dir='ltr'>ιι</span> <span class='ocrx_word' id='word_1_66' title='bbox 962 908 1223 997; x_wconf 78' lang='lat' dir='ltr'>Praesentissimn</span> <span class='ocrx_word' id='word_1_67' title='bbox 1238 913 1272 973; x_wconf 85' lang='lat' dir='ltr'>et</span> <span class='ocrx_word' id='word_1_68' title='bbox 1285 908 1407 974; x_wconf 86' lang='lat' dir='ltr'>instans</span> <span class='ocrx_word' id='word_1_69' title='bbox 1417 926 1493 976; x_wconf 89' lang='lat' dir='ltr'>cor-</span> 
     </span>
     <span class='ocr_line' id='line_1_8' title="bbox 132 995 1492 1095; baseline 0.002 -36"><span class='ocrx_word' id='word_1_70' title='bbox 132 1018 161 1090; x_wconf 64' lang='lat' dir='ltr'>p</span> <span class='ocrx_word' id='word_1_71' title='bbox 172 1017 337 1095; x_wconf 50' lang='lat' dir='ltr'>Eoeogppg,</span> <span class='ocrx_word' id='word_1_72' title='bbox 359 995 449 1060; x_wconf 90' lang='lat' dir='ltr'>dibus</span> <span class='ocrx_word' id='word_1_73' title='bbox 463 997 635 1062; x_wconf 87' lang='lat' dir='ltr'>sententia:</span> <span class='ocrx_word' id='word_1_74' title='bbox 654 1018 671 1057; x_wconf 88' lang='grc' dir='ltr'>ιι</span> <span class='ocrx_word' id='word_1_75' title='bbox 689 998 763 1065; x_wconf 83' lang='grc' dir='ltr'>Νοιι</span> <span class='ocrx_word' id='word_1_76' title='bbox 780 999 891 1078; x_wconf 84' lang='lat' dir='ltr'>ignare</span> <span class='ocrx_word' id='word_1_77' title='bbox 907 998 996 1086; x_wconf 77' lang='lat' dir='ltr'>mali,</span> <span class='ocrx_word' id='word_1_78' title='bbox 1015 997 1139 1064; x_wconf 88' lang='lat' dir='ltr'>miseris</span> <span class='ocrx_word' id='word_1_79' title='bbox 1156 1014 1339 1062; x_wconf 76' lang='lat' dir='ltr'>succurrere</span> <span class='ocrx_word' id='word_1_80' title='bbox 1354 996 1454 1062; x_wconf 75' lang='lat' dir='ltr'>dboo.</span> <span class='ocrx_word' id='word_1_81' title='bbox 1471 1021 1492 1062; x_wconf 84' lang='grc' dir='ltr'>ιι</span> 
     </span>
     <span class='ocr_line' id='line_1_9' title="bbox 118 1083 1494 1170; baseline 0.005 -20"><span class='ocrx_word' id='word_1_82' title='bbox 118 1095 162 1150; x_wconf 79' lang='lat'>19.</span> <span class='ocrx_word' id='word_1_83' title='bbox 359 1084 466 1152; x_wconf 89' lang='lat' dir='ltr'>Servis</span> <span class='ocrx_word' id='word_1_84' title='bbox 481 1089 514 1150; x_wconf 90' lang='lat' dir='ltr'>et</span> <span class='ocrx_word' id='word_1_85' title='bbox 524 1086 654 1151; x_wconf 82' lang='lat' dir='ltr'>ancillis</span> <span class='ocrx_word' id='word_1_86' title='bbox 666 1086 790 1152; x_wconf 81' lang='lat' dir='ltr'>tributa</span> <span class='ocrx_word' id='word_1_87' title='bbox 805 1087 932 1170; x_wconf 82' lang='lat' dir='ltr'>requies</span> <span class='ocrx_word' id='word_1_88' title='bbox 942 1087 1007 1151; x_wconf 91' lang='lat' dir='ltr'>diei</span> <span class='ocrx_word' id='word_1_89' title='bbox 1019 1083 1175 1168; x_wconf 84' lang='lat' dir='ltr'>septimae</span> <span class='ocrx_word' id='word_1_90' title='bbox 1183 1083 1387 1158; x_wconf 74' lang='lat' dir='ltr'>dbEiusdem</span> <span class='ocrx_word' id='word_1_91' title='bbox 1399 1105 1494 1158; x_wconf 83' lang='lat' dir='ltr'>men·</span> 
     </span>
     <span class='ocr_line' id='line_1_10' title="bbox 114 1168 1492 1354; baseline 0.02 -53"><span class='ocrx_word' id='word_1_92' title='bbox 114 1168 340 1315; x_wconf 55' lang='lat' dir='ltr'>..vultu</span> <span class='ocrx_word' id='word_1_93' title='bbox 360 1262 714 1347; x_wconf 79' lang='lat'>,</span> <span class='ocrx_word' id='word_1_94' title='bbox 727 1174 1492 1354; x_wconf 65' lang='lat' dir='ltr'>husathites</span> 
     </span>
     <span class='ocr_line' id='line_1_11' title="bbox 114 1310 1494 1453; baseline 0.002 -37"><span class='ocrx_word' id='word_1_95' title='bbox 114 1319 339 1453; x_wconf 54' lang='lat' dir='ltr'>,gffimfflv</span> <span class='ocrx_word' id='word_1_96' title='bbox 360 1355 428 1417; x_wconf 86' lang='lat' dir='ltr'>tum</span> <span class='ocrx_word' id='word_1_97' title='bbox 437 1351 569 1444; x_wconf 88' lang='lat' dir='ltr'>maritus</span> <span class='ocrx_word' id='word_1_98' title='bbox 580 1352 762 1436; x_wconf 84' lang='lat' dir='ltr'>expetierit,</span> <span class='ocrx_word' id='word_1_99' title='bbox 773 1357 806 1418; x_wconf 89' lang='lat' dir='ltr'>et</span> <span class='ocrx_word' id='word_1_100' title='bbox 814 1354 929 1427; x_wconf 83' lang='lat' dir='ltr'>arbitri</span> <span class='ocrx_word' id='word_1_101' title='bbox 941 1353 1164 1429; x_wconf 88' lang='lat' dir='ltr'>iudicaverint;</span> <span class='ocrx_word' id='word_1_102' title='bbox 1174 1353 1201 1418; x_wconf 90' lang='lat' dir='ltr'>si</span> <span class='ocrx_word' id='word_1_103' title='bbox 1213 1310 1405 1436; x_wconf 72' lang='lat' dir='ltr'>percusserit</span> <span class='ocrx_word' id='word_1_104' title='bbox 1415 1370 1494 1418; x_wconf 88' lang='lat' dir='ltr'>ocu-</span> 
     </span>
     <span class='ocr_line' id='line_1_12' title="bbox 156 1437 1494 1517; baseline 0.002 -14"><span class='ocrx_word' id='word_1_105' title='bbox 156 1437 162 1452; x_wconf 84' lang='lat'>‘</span> <span class='ocrx_word' id='word_1_106' title='bbox 360 1439 426 1506; x_wconf 92' lang='lat' dir='ltr'>lum</span> <span class='ocrx_word' id='word_1_107' title='bbox 441 1440 524 1505; x_wconf 90' lang='lat' dir='ltr'>servi</span> <span class='ocrx_word' id='word_1_108' title='bbox 540 1446 594 1506; x_wconf 84' lang='lat' dir='ltr'>eut</span> <span class='ocrx_word' id='word_1_109' title='bbox 610 1442 755 1516; x_wconf 77' lang='lat' dir='ltr'>ancillae,</span> <span class='ocrx_word' id='word_1_110' title='bbox 775 1441 822 1506; x_wconf 90' lang='lat' dir='ltr'>vel</span> <span class='ocrx_word' id='word_1_111' title='bbox 838 1443 967 1508; x_wconf 84' lang='lat' dir='ltr'><strong>dentem</strong></span> <span class='ocrx_word' id='word_1_112' title='bbox 982 1443 1167 1517; x_wconf 83' lang='lat' dir='ltr'>excusserit,</span> <span class='ocrx_word' id='word_1_113' title='bbox 1181 1441 1325 1509; x_wconf 80' lang='lat' dir='ltr'>dimittet</span> <span class='ocrx_word' id='word_1_114' title='bbox 1339 1459 1396 1506; x_wconf 89' lang='lat' dir='ltr'>eos</span> <span class='ocrx_word' id='word_1_115' title='bbox 1414 1443 1494 1506; x_wconf 91' lang='lat' dir='ltr'>libe-</span> 
     </span>
     <span class='ocr_line' id='line_1_13' title="bbox 136 1523 1495 1614; baseline 0.001 -21"><span class='ocrx_word' id='word_1_116' title='bbox 136 1523 339 1603; x_wconf 69' lang='lat' dir='ltr'>lincomxlll,</span> <span class='ocrx_word' id='word_1_117' title='bbox 361 1547 413 1594; x_wconf 90' lang='lat' dir='ltr'>ros</span> <span class='ocrx_word' id='word_1_118' title='bbox 428 1528 472 1614; x_wconf 85' lang='lat'>7).</span> <span class='ocrx_word' id='word_1_119' title='bbox 491 1527 595 1606; x_wconf 90' lang='lat' dir='ltr'>Quam</span> <span class='ocrx_word' id='word_1_120' title='bbox 610 1530 844 1598; x_wconf 77' lang='lat' dir='ltr'>humanitatem</span> <span class='ocrx_word' id='word_1_121' title='bbox 860 1547 931 1598; x_wconf 91' lang='lat' dir='ltr'>cum</span> <span class='ocrx_word' id='word_1_122' title='bbox 947 1537 1037 1598; x_wconf 84' lang='lat' dir='ltr'>extre</span> <span class='ocrx_word' id='word_1_123' title='bbox 1051 1532 1242 1597; x_wconf 86' lang='lat' dir='ltr'>ludaeorum</span> <span class='ocrx_word' id='word_1_124' title='bbox 1250 1530 1405 1614; x_wconf 76' lang='lat' dir='ltr'>populun</span> <span class='ocrx_word' id='word_1_125' title='bbox 1421 1531 1495 1596; x_wconf 91' lang='lat' dir='ltr'>uul-</span> 
     </span>
     <span class='ocr_line' id='line_1_14' title="bbox 116 1602 1496 1700; baseline 0.005 -23"><span class='ocrx_word' id='word_1_126' title='bbox 116 1605 163 1678; x_wconf 77' lang='lat'>22,</span> <span class='ocrx_word' id='word_1_127' title='bbox 180 1605 228 1677; x_wconf 69' lang='lat'>²⁶2</span> <span class='ocrx_word' id='word_1_128' title='bbox 243 1602 291 1661; x_wconf 78' lang='lat'>²⁷·</span> <span class='ocrx_word' id='word_1_129' title='bbox 360 1615 417 1682; x_wconf 92' lang='lat' dir='ltr'>libi</span> <span class='ocrx_word' id='word_1_130' title='bbox 434 1617 518 1700; x_wconf 93' lang='lat' dir='ltr'>apud</span> <span class='ocrx_word' id='word_1_131' title='bbox 534 1623 644 1700; x_wconf 84' lang='lat' dir='ltr'>gentes</span> <span class='ocrx_word' id='word_1_132' title='bbox 659 1619 815 1692; x_wconf 86' lang='lat' dir='ltr'>invenias,</span> <span class='ocrx_word' id='word_1_133' title='bbox 834 1637 897 1684; x_wconf 90' lang='lat' dir='ltr'>non</span> <span class='ocrx_word' id='word_1_134' title='bbox 914 1619 980 1685; x_wconf 92' lang='lat' dir='ltr'>leve</span> <span class='ocrx_word' id='word_1_135' title='bbox 996 1619 1041 1684; x_wconf 90' lang='lat' dir='ltr'>ibi</span> <span class='ocrx_word' id='word_1_136' title='bbox 1056 1619 1260 1694; x_wconf 87' lang='lat' dir='ltr'>moralitatis,</span> <span class='ocrx_word' id='word_1_137' title='bbox 1277 1624 1311 1684; x_wconf 86' lang='lat' dir='ltr'>et</span> <span class='ocrx_word' id='word_1_138' title='bbox 1326 1637 1496 1685; x_wconf 89' lang='lat' dir='ltr'>conserva·</span> 
     </span>
     <span class='ocr_line' id='line_1_15' title="bbox 361 1708 1494 1775; baseline 0.001 -3"><span class='ocrx_word' id='word_1_139' title='bbox 361 1712 411 1772; x_wconf 87' lang='lat' dir='ltr'>tae</span> <span class='ocrx_word' id='word_1_140' title='bbox 427 1709 493 1774; x_wconf 90' lang='lat' dir='ltr'>sive</span> <span class='ocrx_word' id='word_1_141' title='bbox 508 1712 702 1774; x_wconf 80' lang='lat' dir='ltr'>restauratae</span> <span class='ocrx_word' id='word_1_142' title='bbox 715 1709 855 1774; x_wconf 89' lang='lat' dir='ltr'>institiae</span> <span class='ocrx_word' id='word_1_143' title='bbox 866 1709 1059 1774; x_wconf 89' lang='lat' dir='ltr'>elementum</span> <span class='ocrx_word' id='word_1_144' title='bbox 1072 1709 1201 1775; x_wconf 81' lang='lat' dir='ltr'>talearis</span> <span class='ocrx_word' id='word_1_145' title='bbox 1213 1725 1338 1773; x_wconf 86' lang='lat' dir='ltr'>neeesse</span> <span class='ocrx_word' id='word_1_146' title='bbox 1353 1714 1415 1773; x_wconf 81' lang='lat' dir='ltr'>est:</span> <span class='ocrx_word' id='word_1_147' title='bbox 1425 1708 1494 1773; x_wconf 91' lang='lat' dir='ltr'>imo</span> 
     </span>
     <span class='ocr_line' id='line_1_16' title="bbox 361 1795 1497 1880; baseline 0.002 -20"><span class='ocrx_word' id='word_1_148' title='bbox 361 1797 489 1861; x_wconf 89' lang='lat' dir='ltr'>saniora</span> <span class='ocrx_word' id='word_1_149' title='bbox 503 1795 642 1862; x_wconf 87' lang='lat' dir='ltr'>dedisset</span> <span class='ocrx_word' id='word_1_150' title='bbox 658 1798 900 1880; x_wconf 72' lang='lat' dir='ltr'>Moysesuisic</span> <span class='ocrx_word' id='word_1_151' title='bbox 917 1797 976 1863; x_wconf 88' lang='lat' dir='ltr'>lilii</span> <span class='ocrx_word' id='word_1_152' title='bbox 992 1799 1070 1862; x_wconf 85' lang='lat' dir='ltr'>dure</span> <span class='ocrx_word' id='word_1_153' title='bbox 1085 1797 1167 1862; x_wconf 82' lang='lat' dir='ltr'>facie</span> <span class='ocrx_word' id='word_1_154' title='bbox 1179 1803 1212 1864; x_wconf 90' lang='lat' dir='ltr'>et</span> <span class='ocrx_word' id='word_1_155' title='bbox 1223 1795 1414 1863; x_wconf 89' lang='lat' dir='ltr'>indomabili</span> <span class='ocrx_word' id='word_1_156' title='bbox 1424 1814 1497 1862; x_wconf 88' lang='lat' dir='ltr'>cor·</span> 
     </span>
    </p>

    <p class='ocr_par' dir='ltr' id='par_1_4' title="bbox 116 1879 1497 2324">
     <span class='ocr_line' id='line_1_17' title="bbox 135 1879 1474 1972; baseline 0.007 -24"><span class='ocrx_word' id='word_1_157' title='bbox 135 1879 162 1954; x_wconf 70' lang='lat' dir='ltr'>tl</span> <span class='ocrx_word' id='word_1_158' title='bbox 177 1880 314 1940; x_wconf 68' lang='lat' dir='ltr'>Ezechiel·</span> <span class='ocrx_word' id='word_1_159' title='bbox 334 1926 340 1956; x_wconf 84' lang='lat'>,</span> <span class='ocrx_word' id='word_1_160' title='bbox 362 1885 401 1949; x_wconf 93' lang='lat' dir='ltr'>de</span> <span class='ocrx_word' id='word_1_161' title='bbox 419 1909 435 1948; x_wconf 80' lang='lat' dir='ltr'>u</span> <span class='ocrx_word' id='word_1_162' title='bbox 453 1885 637 1970; x_wconf 82' lang='lat' dir='ltr'>extitissent</span> <span class='ocrx_word' id='word_1_163' title='bbox 652 1885 684 1970; x_wconf 92' lang='lat'>8)</span> <span class='ocrx_word' id='word_1_164' title='bbox 704 1885 757 1972; x_wconf 84' lang='lat' dir='ltr'>(o).</span> <span class='ocrx_word' id='word_1_165' title='bbox 785 1893 789 1902; x_wconf 87' lang='lat'><strong><em>&#39;</em></strong></span> <span class='ocrx_word' id='word_1_166' title='bbox 1105 1885 1108 1890; x_wconf 81' lang='grc'><strong>’</strong></span> <span class='ocrx_word' id='word_1_167' title='bbox 1468 1951 1474 1958; x_wconf 91' lang='grc'><strong><em>,</em></strong></span> 
     </span>
     <span class='ocr_line' id='line_1_18' title="bbox 116 1957 1495 2057; baseline 0.003 -20"><span class='ocrx_word' id='word_1_168' title='bbox 116 1957 150 2030; x_wconf 73' lang='lat'>¹¹1</span> <span class='ocrx_word' id='word_1_169' title='bbox 167 1958 195 2014; x_wconf 80' lang='lat'>⁴·</span> <span class='ocrx_word' id='word_1_170' title='bbox 451 1973 510 2039; x_wconf 84' lang='lat' dir='ltr'>lV.</span> <span class='ocrx_word' id='word_1_171' title='bbox 527 1976 672 2040; x_wconf 80' lang='lat' dir='ltr'>Arduum</span> <span class='ocrx_word' id='word_1_172' title='bbox 685 1976 784 2056; x_wconf 86' lang='lat' dir='ltr'>magis</span> <span class='ocrx_word' id='word_1_173' title='bbox 797 1981 828 2041; x_wconf 86' lang='lat' dir='ltr'>et</span> <span class='ocrx_word' id='word_1_174' title='bbox 841 1975 1034 2040; x_wconf 89' lang='lat' dir='ltr'>laboriosum</span> <span class='ocrx_word' id='word_1_175' title='bbox 1043 1993 1136 2057; x_wconf 90' lang='lat' dir='ltr'>opus,</span> <span class='ocrx_word' id='word_1_176' title='bbox 1150 1973 1350 2049; x_wconf 87' lang='lat' dir='ltr'>servitutem,</span> <span class='ocrx_word' id='word_1_177' title='bbox 1364 1974 1495 2057; x_wconf 88' lang='lat' dir='ltr'>quaein</span> 
     </span>
     <span class='ocr_line' id='line_1_19' title="bbox 364 2062 1496 2147; baseline 0.004 -23"><span class='ocrx_word' id='word_1_178' title='bbox 364 2062 508 2125; x_wconf 90' lang='lat' dir='ltr'>omnium</span> <span class='ocrx_word' id='word_1_179' title='bbox 525 2064 668 2143; x_wconf 87' lang='lat' dir='ltr'>gentium</span> <span class='ocrx_word' id='word_1_180' title='bbox 687 2065 736 2128; x_wconf 89' lang='lat' dir='ltr'>ius</span> <span class='ocrx_word' id='word_1_181' title='bbox 750 2069 783 2128; x_wconf 90' lang='lat' dir='ltr'>et</span> <span class='ocrx_word' id='word_1_182' title='bbox 799 2064 916 2130; x_wconf 84' lang='lat' dir='ltr'>lectum</span> <span class='ocrx_word' id='word_1_183' title='bbox 932 2070 1087 2138; x_wconf 80' lang='lat' dir='ltr'>evaserat,</span> <span class='ocrx_word' id='word_1_184' title='bbox 1099 2071 1117 2128; x_wconf 88' lang='lat' dir='ltr'>e&#39;</span> <span class='ocrx_word' id='word_1_185' title='bbox 1128 2062 1357 2147; x_wconf 83' lang='lat' dir='ltr'>philosophicis</span> <span class='ocrx_word' id='word_1_186' title='bbox 1372 2064 1496 2128; x_wconf 87' lang='lat' dir='ltr'>doctri-</span> 
     </span>
     <span class='ocr_line' id='line_1_20' title="bbox 228 2150 1495 2239; baseline 0.004 -27"><span class='ocrx_word' id='word_1_187' title='bbox 228 2211 230 2218; x_wconf 70' lang='lat'>,</span> <span class='ocrx_word' id='word_1_188' title='bbox 360 2150 426 2223; x_wconf 87' lang='lat' dir='ltr'>nis,</span> <span class='ocrx_word' id='word_1_189' title='bbox 441 2168 459 2213; x_wconf 92' lang='lat' dir='ltr'>e</span> <span class='ocrx_word' id='word_1_190' title='bbox 475 2151 607 2239; x_wconf 87' lang='lat' dir='ltr'>legibus,</span> <span class='ocrx_word' id='word_1_191' title='bbox 623 2169 640 2215; x_wconf 91' lang='lat' dir='ltr'>e</span> <span class='ocrx_word' id='word_1_192' title='bbox 657 2152 797 2217; x_wconf 91' lang='lat' dir='ltr'>moribus</span> <span class='ocrx_word' id='word_1_193' title='bbox 813 2152 1002 2218; x_wconf 89' lang='lat' dir='ltr'>convellere.</span> <span class='ocrx_word' id='word_1_194' title='bbox 1013 2154 1082 2220; x_wconf 85' lang='lat' dir='ltr'>lloc</span> <span class='ocrx_word' id='word_1_195' title='bbox 1094 2160 1201 2218; x_wconf 88' lang='lat' dir='ltr'>tamen</span> <span class='ocrx_word' id='word_1_196' title='bbox 1214 2153 1404 2234; x_wconf 86' lang='lat' dir='ltr'>Evangeliea</span> <span class='ocrx_word' id='word_1_197' title='bbox 1417 2153 1495 2235; x_wconf 89' lang='lat' dir='ltr'>dog·</span> 
     </span>
     <span class='ocr_line' id='line_1_21' title="bbox 367 2235 1497 2324; baseline 0.003 -21"><span class='ocrx_word' id='word_1_198' title='bbox 367 2243 452 2303; x_wconf 85' lang='lat' dir='ltr'>mate</span> <span class='ocrx_word' id='word_1_199' title='bbox 464 2243 496 2304; x_wconf 91' lang='lat' dir='ltr'>et</span> <span class='ocrx_word' id='word_1_200' title='bbox 508 2239 632 2322; x_wconf 86' lang='lat' dir='ltr'>sapiens</span> <span class='ocrx_word' id='word_1_201' title='bbox 644 2246 740 2323; x_wconf 90' lang='lat' dir='ltr'>atque</span> <span class='ocrx_word' id='word_1_202' title='bbox 752 2235 862 2306; x_wconf 77' lang='lat' dir='ltr'>ellicus</span> <span class='ocrx_word' id='word_1_203' title='bbox 873 2242 1031 2307; x_wconf 83' lang='lat' dir='ltr'>Ecclesiae</span> <span class='ocrx_word' id='word_1_204' title='bbox 1043 2241 1268 2324; x_wconf 77' lang='lat' dir='ltr'>longanimitas</span> <span class='ocrx_word' id='word_1_205' title='bbox 1279 2242 1410 2308; x_wconf 67' lang='lat' dir='ltr'>undem</span> <span class='ocrx_word' id='word_1_206' title='bbox 1422 2259 1497 2324; x_wconf 87' lang='lat' dir='ltr'>per-</span> 
     </span>
    </p>

    <p class='ocr_par' dir='ltr' id='par_1_5' title="bbox 369 2328 1462 2394">
     <span class='ocr_line' id='line_1_22' title="bbox 369 2328 1462 2394; baseline 0.005 -2"><span class='ocrx_word' id='word_1_207' title='bbox 369 2328 521 2394; x_wconf 87' lang='lat' dir='ltr'>leceraut.</span> <span class='ocrx_word' id='word_1_208' title='bbox 1292 2349 1294 2352; x_wconf 85' lang='lat'>·</span> <span class='ocrx_word' id='word_1_209' title='bbox 1456 2371 1462 2374; x_wconf 98' lang='lat'>-</span> 
     </span>
    </p>

    <p class='ocr_par' dir='ltr' id='par_1_6' title="bbox 364 2417 1502 3662">
     <span class='ocr_line' id='line_1_23' title="bbox 455 2417 1497 2502; baseline 0.001 -20"><span class='ocrx_word' id='word_1_210' title='bbox 455 2417 498 2482; x_wconf 85' lang='lat' dir='ltr'>V.</span> <span class='ocrx_word' id='word_1_211' title='bbox 516 2418 598 2482; x_wconf 86' lang='lat' dir='ltr'>llum</span> <span class='ocrx_word' id='word_1_212' title='bbox 614 2418 758 2492; x_wconf 91' lang='lat' dir='ltr'>enim,ut</span> <span class='ocrx_word' id='word_1_213' title='bbox 769 2419 928 2499; x_wconf 81' lang='lat' dir='ltr'>superiori</span> <span class='ocrx_word' id='word_1_214' title='bbox 940 2419 1036 2487; x_wconf 92' lang='lat' dir='ltr'>titulo</span> <span class='ocrx_word' id='word_1_215' title='bbox 1049 2417 1366 2494; x_wconf 70' lang='lat' dir='ltr'>dissernimussaevc</span> <span class='ocrx_word' id='word_1_216' title='bbox 1378 2424 1497 2502; x_wconf 87' lang='lat' dir='ltr'>etpro-</span> 
     </span>
     <span class='ocr_line' id='line_1_24' title="bbox 368 2505 1496 2590; baseline 0.004 -22"><span class='ocrx_word' id='word_1_217' title='bbox 368 2505 460 2570; x_wconf 85' lang='lat' dir='ltr'>brosu</span> <span class='ocrx_word' id='word_1_218' title='bbox 475 2506 622 2580; x_wconf 87' lang='lat' dir='ltr'>servitus,</span> <span class='ocrx_word' id='word_1_219' title='bbox 641 2508 828 2588; x_wconf 83' lang='lat' dir='ltr'>praesertim</span> <span class='ocrx_word' id='word_1_220' title='bbox 851 2509 933 2590; x_wconf 93' lang='lat' dir='ltr'>apud</span> <span class='ocrx_word' id='word_1_221' title='bbox 954 2511 1127 2583; x_wconf 87' lang='lat' dir='ltr'>Romanos,</span> <span class='ocrx_word' id='word_1_222' title='bbox 1149 2507 1319 2590; x_wconf 79' lang='lat' dir='ltr'>fastigium</span> <span class='ocrx_word' id='word_1_223' title='bbox 1328 2507 1496 2588; x_wconf 71' lang='lat' dir='ltr'>setigerae</span> 
     </span>
     <span class='ocr_line' id='line_1_25' title="bbox 369 2594 1499 2681; baseline 0.004 -23"><span class='ocrx_word' id='word_1_224' title='bbox 369 2613 483 2677; x_wconf 88' lang='lat' dir='ltr'>magna</span> <span class='ocrx_word' id='word_1_225' title='bbox 503 2601 535 2660; x_wconf 90' lang='lat' dir='ltr'>et</span> <span class='ocrx_word' id='word_1_226' title='bbox 557 2595 700 2660; x_wconf 83' lang='lat' dir='ltr'>inaudite</span> <span class='ocrx_word' id='word_1_227' title='bbox 725 2615 764 2662; x_wconf 86' lang='lat' dir='ltr'>ex</span> <span class='ocrx_word' id='word_1_228' title='bbox 779 2596 988 2662; x_wconf 88' lang='lat' dir='ltr'>orientalibus</span> <span class='ocrx_word' id='word_1_229' title='bbox 1009 2594 1109 2681; x_wconf 83' lang='lat' dir='ltr'>plagis</span> <span class='ocrx_word' id='word_1_230' title='bbox 1132 2597 1390 2678; x_wconf 78' lang='lat' dir='ltr'>divulgabantur.</span> <span class='ocrx_word' id='word_1_231' title='bbox 1413 2595 1499 2662; x_wconf 78' lang='lat' dir='ltr'>(lum</span> 
     </span>
     <span class='ocr_line' id='line_1_26' title="bbox 368 2683 1498 2770; baseline 0.004 -24"><span class='ocrx_word' id='word_1_232' title='bbox 368 2684 521 2748; x_wconf 89' lang='lat' dir='ltr'>mundum</span> <span class='ocrx_word' id='word_1_233' title='bbox 535 2683 728 2750; x_wconf 89' lang='lat' dir='ltr'>redemerat.</span> <span class='ocrx_word' id='word_1_234' title='bbox 749 2684 892 2753; x_wconf 85' lang='lat' dir='ltr'>Christus</span> <span class='ocrx_word' id='word_1_235' title='bbox 908 2703 1122 2770; x_wconf 87' lang='lat' dir='ltr'>quaecumque</span> <span class='ocrx_word' id='word_1_236' title='bbox 1137 2685 1257 2759; x_wconf 90' lang='lat' dir='ltr'>civilia,</span> <span class='ocrx_word' id='word_1_237' title='bbox 1277 2703 1498 2767; x_wconf 84' lang='lat' dir='ltr'>quaecumque</span> 
     </span>
     <span class='ocr_line' id='line_1_27' title="bbox 366 2772 1498 2858; baseline 0.004 -23"><span class='ocrx_word' id='word_1_238' title='bbox 366 2772 596 2847; x_wconf 76' lang='lat' dir='ltr'>amabiliamm</span> <span class='ocrx_word' id='word_1_239' title='bbox 609 2775 815 2856; x_wconf 87' lang='lat' dir='ltr'>philosophus</span> <span class='ocrx_word' id='word_1_240' title='bbox 828 2774 895 2857; x_wconf 91' lang='lat' dir='ltr'>ipse</span> <span class='ocrx_word' id='word_1_241' title='bbox 909 2791 1011 2858; x_wconf 88' lang='lat' dir='ltr'>neque</span> <span class='ocrx_word' id='word_1_242' title='bbox 1023 2776 1057 2839; x_wconf 95' lang='lat' dir='ltr'>in</span> <span class='ocrx_word' id='word_1_243' title='bbox 1067 2775 1129 2840; x_wconf 90' lang='lat' dir='ltr'>ulla</span> <span class='ocrx_word' id='word_1_244' title='bbox 1135 2773 1397 2858; x_wconf 85' lang='lat' dir='ltr'>philosophorum</span> <span class='ocrx_word' id='word_1_245' title='bbox 1404 2774 1498 2840; x_wconf 86' lang='lat' dir='ltr'>sebo·</span> 
     </span>
     <span class='ocr_line' id='line_1_28' title="bbox 367 2861 1499 2938; baseline 0.004 -14"><span class='ocrx_word' id='word_1_246' title='bbox 367 2861 616 2935; x_wconf 83' lang='lat' dir='ltr'>laedoctns,sed</span> <span class='ocrx_word' id='word_1_247' title='bbox 629 2863 785 2933; x_wconf 76' lang='lat' dir='ltr'>exPetris</span> <span class='ocrx_word' id='word_1_248' title='bbox 796 2865 880 2938; x_wconf 90' lang='lat' dir='ltr'>sinu,</span> <span class='ocrx_word' id='word_1_249' title='bbox 891 2881 932 2930; x_wconf 83' lang='lat' dir='ltr'>ex</span> <span class='ocrx_word' id='word_1_250' title='bbox 944 2868 1072 2929; x_wconf 82' lang='lat' dir='ltr'>aeterna</span> <span class='ocrx_word' id='word_1_251' title='bbox 1084 2864 1240 2930; x_wconf 89' lang='lat' dir='ltr'>nimirum</span> <span class='ocrx_word' id='word_1_252' title='bbox 1251 2862 1388 2929; x_wconf 72' lang='lat' dir='ltr'>mutate</span> <span class='ocrx_word' id='word_1_253' title='bbox 1398 2867 1435 2930; x_wconf 88' lang='lat' dir='ltr'>et</span> <span class='ocrx_word' id='word_1_254' title='bbox 1449 2863 1499 2928; x_wconf 92' lang='lat' dir='ltr'>iu-</span> 
     </span>
     <span class='ocr_line' id='line_1_29' title="bbox 364 2948 1500 3036; baseline 0.004 -24"><span class='ocrx_word' id='word_1_255' title='bbox 364 2948 453 3015; x_wconf 85' lang='lat' dir='ltr'>stitia</span> <span class='ocrx_word' id='word_1_256' title='bbox 467 2948 637 3018; x_wconf 87' lang='lat' dir='ltr'>detulerat.</span> <span class='ocrx_word' id='word_1_257' title='bbox 655 2952 735 3032; x_wconf 88' lang='lat' dir='ltr'>Quis</span> <span class='ocrx_word' id='word_1_258' title='bbox 750 2958 857 3018; x_wconf 88' lang='lat' dir='ltr'>autem</span> <span class='ocrx_word' id='word_1_259' title='bbox 873 2953 1040 3018; x_wconf 88' lang='lat' dir='ltr'>hominum</span> <span class='ocrx_word' id='word_1_260' title='bbox 1046 2970 1153 3035; x_wconf 88' lang='lat' dir='ltr'>purae</span> <span class='ocrx_word' id='word_1_261' title='bbox 1165 2958 1294 3036; x_wconf 86' lang='lat' dir='ltr'>semp&#39;er</span> <span class='ocrx_word' id='word_1_262' title='bbox 1308 2951 1443 3018; x_wconf 87' lang='lat' dir='ltr'>veritati</span> <span class='ocrx_word' id='word_1_263' title='bbox 1458 2970 1500 3017; x_wconf 85' lang='lat' dir='ltr'>cx</span> 
     </span>
     <span class='ocr_line' id='line_1_30' title="bbox 364 3039 1500 3123; baseline 0 -19"><span class='ocrx_word' id='word_1_264' title='bbox 364 3043 415 3104; x_wconf 90' lang='lat' dir='ltr'>tot</span> <span class='ocrx_word' id='word_1_265' title='bbox 430 3039 593 3106; x_wconf 89' lang='lat' dir='ltr'>erroribus</span> <span class='ocrx_word' id='word_1_266' title='bbox 603 3041 800 3123; x_wconf 86' lang='lat' dir='ltr'>colligendae</span> <span class='ocrx_word' id='word_1_267' title='bbox 811 3041 1000 3111; x_wconf 80' lang='lat' dir='ltr'>suffecisset?</span> <span class='ocrx_word' id='word_1_268' title='bbox 1011 3043 1131 3107; x_wconf 85' lang='lat' dir='ltr'>&#39;lemen</span> <span class='ocrx_word' id='word_1_269' title='bbox 1142 3041 1246 3107; x_wconf 86' lang='lat' dir='ltr'>ollicia</span> <span class='ocrx_word' id='word_1_270' title='bbox 1256 3040 1388 3122; x_wconf 84' lang='lat' dir='ltr'>quaevis</span> <span class='ocrx_word' id='word_1_271' title='bbox 1403 3046 1500 3107; x_wconf 85' lang='lat' dir='ltr'>natu-</span> 
     </span>
     <span class='ocr_line' id='line_1_31' title="bbox 364 3128 1500 3214; baseline 0.002 -22"><span class='ocrx_word' id='word_1_272' title='bbox 364 3128 457 3206; x_wconf 87' lang='lat' dir='ltr'>raliu,</span> <span class='ocrx_word' id='word_1_273' title='bbox 471 3146 557 3211; x_wconf 80' lang='lat' dir='ltr'>quae</span> <span class='ocrx_word' id='word_1_274' title='bbox 572 3135 659 3196; x_wconf 85' lang='lat' dir='ltr'>recte</span> <span class='ocrx_word' id='word_1_275' title='bbox 684 3131 770 3195; x_wconf 85' lang='lat' dir='ltr'>retio</span> <span class='ocrx_word' id='word_1_276' title='bbox 785 3130 981 3214; x_wconf 89' lang='lat' dir='ltr'>philosophis</span> <span class='ocrx_word' id='word_1_277' title='bbox 995 3129 1183 3205; x_wconf 74' lang='lat' dir='ltr'>dictaverat,</span> <span class='ocrx_word' id='word_1_278' title='bbox 1209 3130 1301 3196; x_wconf 92' lang='lat' dir='ltr'>novis</span> <span class='ocrx_word' id='word_1_279' title='bbox 1314 3129 1447 3194; x_wconf 87' lang='lat' dir='ltr'>demam</span> <span class='ocrx_word' id='word_1_280' title='bbox 1462 3144 1500 3194; x_wconf 82' lang='lat' dir='ltr'>ec</span> 
     </span>
     <span class='ocr_line' id='line_1_32' title="bbox 365 3216 1501 3300; baseline 0.002 -20"><span class='ocrx_word' id='word_1_281' title='bbox 365 3216 603 3282; x_wconf 89' lang='lat' dir='ltr'>sublimioribus</span> <span class='ocrx_word' id='word_1_282' title='bbox 618 3219 826 3285; x_wconf 89' lang='lat' dir='ltr'>incrementis</span> <span class='ocrx_word' id='word_1_283' title='bbox 837 3219 981 3292; x_wconf 77' lang='lat' dir='ltr'>adsueta,</span> <span class='ocrx_word' id='word_1_284' title='bbox 997 3218 1154 3285; x_wconf 82' lang='lat' dir='ltr'>universis</span> <span class='ocrx_word' id='word_1_285' title='bbox 1169 3218 1302 3284; x_wconf 86' lang='lat' dir='ltr'>saeculis</span> <span class='ocrx_word' id='word_1_286' title='bbox 1315 3235 1376 3300; x_wconf 90' lang='lat' dir='ltr'>per</span> <span class='ocrx_word' id='word_1_287' title='bbox 1393 3217 1501 3284; x_wconf 87' lang='lat' dir='ltr'>Evan-</span> 
     </span>
     <span class='ocr_line' id='line_1_33' title="bbox 365 3305 1502 3392; baseline 0.004 -24"><span class='ocrx_word' id='word_1_288' title='bbox 365 3305 486 3387; x_wconf 83' lang='lat' dir='ltr'>gelium</span> <span class='ocrx_word' id='word_1_289' title='bbox 500 3306 725 3373; x_wconf 79' lang='lat' dir='ltr'>efferebantur.</span> <span class='ocrx_word' id='word_1_290' title='bbox 734 3311 822 3374; x_wconf 82' lang='lat' dir='ltr'>&#39;lunc</span> <span class='ocrx_word' id='word_1_291' title='bbox 837 3325 945 3372; x_wconf 90' lang='lat' dir='ltr'>revera</span> <span class='ocrx_word' id='word_1_292' title='bbox 957 3307 1017 3373; x_wconf 87' lang='lat' dir='ltr'>Dei</span> <span class='ocrx_word' id='word_1_293' title='bbox 1029 3311 1062 3371; x_wconf 89' lang='lat' dir='ltr'>et</span> <span class='ocrx_word' id='word_1_294' title='bbox 1074 3309 1207 3373; x_wconf 85' lang='lat' dir='ltr'>naturae</span> <span class='ocrx_word' id='word_1_295' title='bbox 1220 3312 1423 3373; x_wconf 88' lang='lat' dir='ltr'>sacramenta</span> <span class='ocrx_word' id='word_1_296' title='bbox 1435 3306 1502 3392; x_wconf 88' lang='lat' dir='ltr'>(seu</span> 
     </span>
     <span class='ocr_line' id='line_1_34' title="bbox 366 3393 1502 3478; baseline 0.003 -20"><span class='ocrx_word' id='word_1_297' title='bbox 366 3393 564 3478; x_wconf 86' lang='lat' dir='ltr'>abscondita)</span> <span class='ocrx_word' id='word_1_298' title='bbox 576 3397 714 3462; x_wconf 80' lang='lat' dir='ltr'>revelate</span> <span class='ocrx_word' id='word_1_299' title='bbox 723 3403 808 3463; x_wconf 89' lang='lat' dir='ltr'>sunt:</span> <span class='ocrx_word' id='word_1_300' title='bbox 820 3396 945 3461; x_wconf 79' lang='lat' dir='ltr'>animae</span> <span class='ocrx_word' id='word_1_301' title='bbox 957 3396 1110 3478; x_wconf 88' lang='lat' dir='ltr'>primum,</span> <span class='ocrx_word' id='word_1_302' title='bbox 1120 3394 1416 3464; x_wconf 86' lang='lat' dir='ltr'>deindehonrinum</span> <span class='ocrx_word' id='word_1_303' title='bbox 1426 3413 1502 3461; x_wconf 82' lang='lat' dir='ltr'>ror·</span> 
     </span>
     <span class='ocr_line' id='line_1_35' title="bbox 365 3483 1501 3568; baseline 0.004 -22"><span class='ocrx_word' id='word_1_304' title='bbox 365 3499 455 3564; x_wconf 91' lang='lat' dir='ltr'>pora,</span> <span class='ocrx_word' id='word_1_305' title='bbox 473 3483 597 3548; x_wconf 79' lang='lat' dir='ltr'>familia</span> <span class='ocrx_word' id='word_1_306' title='bbox 612 3489 645 3550; x_wconf 92' lang='lat' dir='ltr'>et</span> <span class='ocrx_word' id='word_1_307' title='bbox 661 3485 796 3550; x_wconf 86' lang='lat' dir='ltr'>societas</span> <span class='ocrx_word' id='word_1_308' title='bbox 811 3485 987 3566; x_wconf 70' lang='lat' dir='ltr'>redempte</span> <span class='ocrx_word' id='word_1_309' title='bbox 1006 3489 1143 3566; x_wconf 87' lang='lat' dir='ltr'>tuncque</span> <span class='ocrx_word' id='word_1_310' title='bbox 1157 3485 1192 3549; x_wconf 93' lang='lat' dir='ltr'>in</span> <span class='ocrx_word' id='word_1_311' title='bbox 1207 3501 1306 3568; x_wconf 80' lang='lat' dir='ltr'>geum</span> <span class='ocrx_word' id='word_1_312' title='bbox 1320 3483 1501 3558; x_wconf 79' lang='lat' dir='ltr'>humanum</span> 
     </span>
     <span class='ocr_line' id='line_1_36' title="bbox 366 3570 1432 3662; baseline 0.004 -28"><span class='ocrx_word' id='word_1_313' title='bbox 366 3587 404 3634; x_wconf 93' lang='lat' dir='ltr'>ea</span> <span class='ocrx_word' id='word_1_314' title='bbox 420 3570 553 3652; x_wconf 88' lang='lat' dir='ltr'>spiritus</span> <span class='ocrx_word' id='word_1_315' title='bbox 567 3572 730 3638; x_wconf 89' lang='lat' dir='ltr'>descensio</span> <span class='ocrx_word' id='word_1_316' title='bbox 746 3579 876 3654; x_wconf 87' lang='lat' dir='ltr'>peraeta</span> <span class='ocrx_word' id='word_1_317' title='bbox 891 3579 952 3662; x_wconf 85' lang='lat' dir='ltr'>est,</span> <span class='ocrx_word' id='word_1_318' title='bbox 969 3591 1030 3657; x_wconf 88' lang='lat' dir='ltr'>qua</span> <span class='ocrx_word' id='word_1_319' title='bbox 1045 3573 1155 3638; x_wconf 90' lang='lat' dir='ltr'>omnia</span> <span class='ocrx_word' id='word_1_320' title='bbox 1170 3578 1325 3640; x_wconf 72' lang='lat' dir='ltr'>renovato</span> <span class='ocrx_word' id='word_1_321' title='bbox 1339 3578 1432 3640; x_wconf 89' lang='lat' dir='ltr'>suut.</span> 
     </span>
    </p>

    <p class='ocr_par' dir='ltr' id='par_1_7' title="bbox 365 3657 1504 4376">
     <span class='ocr_line' id='line_1_37' title="bbox 456 3657 1504 3746; baseline 0.004 -22"><span class='ocrx_word' id='word_1_322' title='bbox 456 3658 515 3724; x_wconf 86' lang='lat' dir='ltr'>VI.</span> <span class='ocrx_word' id='word_1_323' title='bbox 531 3658 676 3726; x_wconf 83' lang='lat' dir='ltr'>Christus</span> <span class='ocrx_word' id='word_1_324' title='bbox 688 3663 809 3745; x_wconf 88' lang='lat' dir='ltr'>itaque,</span> <span class='ocrx_word' id='word_1_325' title='bbox 820 3662 1297 3746; x_wconf 86' lang='lat' dir='ltr'>philosophiempraetervolans</span> <span class='ocrx_word' id='word_1_326' title='bbox 1307 3677 1390 3744; x_wconf 86' lang='lat' dir='ltr'>quoe</span> <span class='ocrx_word' id='word_1_327' title='bbox 1401 3657 1459 3727; x_wconf 86' lang='lat' dir='ltr'>hie</span> <span class='ocrx_word' id='word_1_328' title='bbox 1469 3666 1504 3728; x_wconf 90' lang='lat' dir='ltr'>et</span> 
     </span>
     <span class='ocr_line' id='line_1_38' title="bbox 367 3744 1504 3832; baseline 0.004 -23"><span class='ocrx_word' id='word_1_329' title='bbox 367 3744 435 3810; x_wconf 89' lang='lat' dir='ltr'>illic</span> <span class='ocrx_word' id='word_1_330' title='bbox 444 3747 671 3816; x_wconf 74' lang='lat' dir='ltr'>vixineoudite</span> <span class='ocrx_word' id='word_1_331' title='bbox 679 3749 889 3829; x_wconf 79' lang='lat' dir='ltr'>humanitatis</span> <span class='ocrx_word' id='word_1_332' title='bbox 897 3751 1100 3818; x_wconf 89' lang='lat' dir='ltr'>rudimentaa</span> <span class='ocrx_word' id='word_1_333' title='bbox 1109 3750 1205 3832; x_wconf 87' lang='lat' dir='ltr'>louge</span> <span class='ocrx_word' id='word_1_334' title='bbox 1211 3751 1418 3827; x_wconf 87' lang='lat' dir='ltr'>salutaverat,</span> <span class='ocrx_word' id='word_1_335' title='bbox 1426 3751 1504 3817; x_wconf 83' lang='lat' dir='ltr'>cba-</span> 
     </span>
     <span class='ocr_line' id='line_1_39' title="bbox 367 3834 1504 3922; baseline 0.005 -25"><span class='ocrx_word' id='word_1_336' title='bbox 367 3834 473 3898; x_wconf 81' lang='lat' dir='ltr'>ritutis</span> <span class='ocrx_word' id='word_1_337' title='bbox 493 3843 631 3919; x_wconf 81' lang='lat' dir='ltr'>systema</span> <span class='ocrx_word' id='word_1_338' title='bbox 650 3839 885 3920; x_wconf 89' lang='lat' dir='ltr'>plenissimum,</span> <span class='ocrx_word' id='word_1_339' title='bbox 897 3846 937 3907; x_wconf 87' lang='lat' dir='ltr'>et</span> <span class='ocrx_word' id='word_1_340' title='bbox 951 3839 1219 3922; x_wconf 78' lang='lat' dir='ltr'>perfectissimum</span> <span class='ocrx_word' id='word_1_341' title='bbox 1234 3839 1395 3915; x_wconf 86' lang='lat' dir='ltr'>ediderat,</span> <span class='ocrx_word' id='word_1_342' title='bbox 1412 3840 1504 3906; x_wconf 88' lang='lat' dir='ltr'>ouius</span> 
     </span>
     <span class='ocr_line' id='line_1_40' title="bbox 365 3921 1503 4012; baseline 0.009 -26"><span class='ocrx_word' id='word_1_343' title='bbox 365 3921 602 4004; x_wconf 88' lang='lat' dir='ltr'>pulchritudine</span> <span class='ocrx_word' id='word_1_344' title='bbox 613 3945 678 3993; x_wconf 93' lang='lat' dir='ltr'>non</span> <span class='ocrx_word' id='word_1_345' title='bbox 694 3929 954 4011; x_wconf 89' lang='lat' dir='ltr'>philosophorum</span> <span class='ocrx_word' id='word_1_346' title='bbox 968 3932 1094 3994; x_wconf 88' lang='lat' dir='ltr'>tantum</span> <span class='ocrx_word' id='word_1_347' title='bbox 1105 3927 1159 3993; x_wconf 90' lang='lat' dir='ltr'>sed</span> <span class='ocrx_word' id='word_1_348' title='bbox 1171 3929 1363 4012; x_wconf 89' lang='lat' dir='ltr'>populorum</span> <span class='ocrx_word' id='word_1_349' title='bbox 1375 3934 1503 3996; x_wconf 75' lang='lat' dir='ltr'>mentes</span> 
     </span>
     <span class='ocr_line' id='line_1_41' title="bbox 366 4010 1502 4101; baseline 0.008 -28"><span class='ocrx_word' id='word_1_350' title='bbox 366 4010 582 4091; x_wconf 89' lang='lat' dir='ltr'>allicerentur,</span> <span class='ocrx_word' id='word_1_351' title='bbox 591 4017 685 4082; x_wconf 89' lang='lat' dir='ltr'>corda</span> <span class='ocrx_word' id='word_1_352' title='bbox 698 4024 804 4085; x_wconf 91' lang='lat' dir='ltr'>autem</span> <span class='ocrx_word' id='word_1_353' title='bbox 817 4022 947 4085; x_wconf 88' lang='lat' dir='ltr'>actuoso</span> <span class='ocrx_word' id='word_1_354' title='bbox 957 4035 1065 4082; x_wconf 84' lang='lat' dir='ltr'>umore</span> <span class='ocrx_word' id='word_1_355' title='bbox 1077 4017 1319 4090; x_wconf 86' lang='lat' dir='ltr'>incalescerent.</span> <span class='ocrx_word' id='word_1_356' title='bbox 1332 4015 1423 4083; x_wconf 87' lang='lat' dir='ltr'>Unus</span> <span class='ocrx_word' id='word_1_357' title='bbox 1434 4019 1502 4101; x_wconf 89' lang='lat' dir='ltr'>ipse</span> 
     </span>
     <span class='ocr_line' id='line_1_42' title="bbox 367 4097 1503 4190; baseline 0.008 -29"><span class='ocrx_word' id='word_1_358' title='bbox 367 4097 579 4170; x_wconf 79' lang='lat' dir='ltr'>fraternitatis</span> <span class='ocrx_word' id='word_1_359' title='bbox 594 4105 754 4190; x_wconf 82' lang='lat' dir='ltr'>originem</span> <span class='ocrx_word' id='word_1_360' title='bbox 771 4105 805 4172; x_wconf 91' lang='lat' dir='ltr'>ln</span> <span class='ocrx_word' id='word_1_361' title='bbox 818 4105 1007 4174; x_wconf 85' lang='lat' dir='ltr'>Divinitetis</span> <span class='ocrx_word' id='word_1_362' title='bbox 1023 4105 1145 4178; x_wconf 88' lang='lat' dir='ltr'>unitate</span> <span class='ocrx_word' id='word_1_363' title='bbox 1160 4123 1197 4170; x_wconf 89' lang='lat' dir='ltr'>ac</span> <span class='ocrx_word' id='word_1_364' title='bbox 1208 4105 1408 4188; x_wconf 73' lang='lat' dir='ltr'>paternitate</span> <span class='ocrx_word' id='word_1_365' title='bbox 1424 4124 1503 4172; x_wconf 91' lang='lat' dir='ltr'>oon-</span> 
     </span>
     <span class='ocr_line' id='line_1_43' title="bbox 367 4183 1504 4280; baseline 0.007 -30"><span class='ocrx_word' id='word_1_366' title='bbox 367 4183 514 4266; x_wconf 83' lang='lat' dir='ltr'>stitueus,</span> <span class='ocrx_word' id='word_1_367' title='bbox 522 4193 630 4261; x_wconf 91' lang='lat' dir='ltr'>divino</span> <span class='ocrx_word' id='word_1_368' title='bbox 643 4215 714 4262; x_wconf 89' lang='lat' dir='ltr'>eam</span> <span class='ocrx_word' id='word_1_369' title='bbox 730 4194 902 4280; x_wconf 80' lang='lat' dir='ltr'>praeconio</span> <span class='ocrx_word' id='word_1_370' title='bbox 917 4198 1137 4269; x_wconf 83' lang='lat' dir='ltr'>exornaverat,</span> <span class='ocrx_word' id='word_1_371' title='bbox 1144 4194 1305 4278; x_wconf 85' lang='lat' dir='ltr'>simulque</span> <span class='ocrx_word' id='word_1_372' title='bbox 1320 4195 1391 4259; x_wconf 91' lang='lat' dir='ltr'>eius</span> <span class='ocrx_word' id='word_1_373' title='bbox 1409 4200 1504 4274; x_wconf 81' lang='lat' dir='ltr'>natu·</span> 
     </span>
     <span class='ocr_line' id='line_1_44' title="bbox 368 4281 1503 4376; baseline 0.008 -38"><span class='ocrx_word' id='word_1_374' title='bbox 368 4282 1179 4370; x_wconf 80' lang='lat' dir='ltr'>rneexcellentiametpraeceptumtradideretllere</span> <span class='ocrx_word' id='word_1_375' title='bbox 1185 4281 1293 4350; x_wconf 86' lang='lat' dir='ltr'>aiebat</span> <span class='ocrx_word' id='word_1_376' title='bbox 1302 4282 1371 4348; x_wconf 87' lang='lat' dir='ltr'>ille:</span> <span class='ocrx_word' id='word_1_377' title='bbox 1381 4285 1503 4376; x_wconf 71' lang='lat' dir='ltr'>«blan</span> 
     </span>
    </p>
   </div>
   <div class='ocr_carea' id='block_1_3' title="bbox 375 4453 1504 4639">
    <p class='ocr_par' dir='ltr' id='par_1_8' title="bbox 375 4453 1504 4639">
     <span class='ocr_line' id='line_1_45' title="bbox 448 4453 1504 4562; baseline -0.002 -16"><span class='ocrx_word' id='word_1_378' title='bbox 448 4487 488 4562; x_wconf 78' lang='lat' dir='ltr'>(cl</span> <span class='ocrx_word' id='word_1_379' title='bbox 503 4490 540 4546; x_wconf 86' lang='lat' dir='ltr'>be</span> <span class='ocrx_word' id='word_1_380' title='bbox 556 4453 644 4548; x_wconf 87' lang='lat' dir='ltr'>modis</span> <span class='ocrx_word' id='word_1_381' title='bbox 658 4489 791 4548; x_wconf 89' lang='lat' dir='ltr'>incundae</span> <span class='ocrx_word' id='word_1_382' title='bbox 801 4469 957 4561; x_wconf 78' lang='lat' dir='ltr'>servitutis,</span> <span class='ocrx_word' id='word_1_383' title='bbox 970 4497 1167 4559; x_wconf 85' lang='lat' dir='ltr'>servorumque</span> <span class='ocrx_word' id='word_1_384' title='bbox 1184 4485 1341 4545; x_wconf 86' lang='lat' dir='ltr'>conditione</span> <span class='ocrx_word' id='word_1_385' title='bbox 1355 4487 1431 4559; x_wconf 86' lang='lat' dir='ltr'>apud</span> <span class='ocrx_word' id='word_1_386' title='bbox 1449 4487 1504 4544; x_wconf 85' lang='lat' dir='ltr'>lle·</span> 
     </span>
     <span class='ocr_line' id='line_1_46' title="bbox 375 4557 1502 4639; baseline 0.004 -26"><span class='ocrx_word' id='word_1_387' title='bbox 375 4557 482 4636; x_wconf 78' lang='lat' dir='ltr'>brucos,</span> <span class='ocrx_word' id='word_1_388' title='bbox 492 4565 552 4624; x_wconf 87' lang='lat' dir='ltr'>vide</span> <span class='ocrx_word' id='word_1_389' title='bbox 564 4568 740 4639; x_wconf 77' lang='lat' dir='ltr'>heneaulus,</span> <span class='ocrx_word' id='word_1_390' title='bbox 755 4562 970 4639; x_wconf 79' lang='lat' dir='ltr'>Archaeologtc</span> <span class='ocrx_word' id='word_1_391' title='bbox 981 4562 1122 4634; x_wconf 65' lang='lat' dir='ltr'>biblicus</span> <span class='ocrx_word' id='word_1_392' title='bbox 1138 4562 1502 4638; x_wconf 51' lang='lat' dir='ltr'>itt-lillebonam.</span> 
     </span>
    </p>
   </div>
   <div class='ocr_carea' id='block_1_4' title="bbox 0 0 1640 5282">
    <p class='ocr_par' dir='ltr' id='par_1_9' title="bbox 0 0 1640 5282">
     <span class='ocr_line' id='line_1_47' title="bbox 0 0 1640 5282; baseline 0 0"><span class='ocrx_word' id='word_1_393' title='bbox 0 0 1640 5282; x_wconf 95' lang='lat' dir='ltr'> </span> 
     </span>
    </p>
   </div>
  </div>
 </body>
</html>
