3222 5282
565 305 698 359 risurus
713 307 748 357 ιι
1135 291 1176 356 16

94 455 154 522 Est
169 473 209 527 ιιι
223 455 325 523 indito
339 453 450 538 cdpco
463 453 601 520 iustitiae
616 455 704 520 ideo?
689 453 767 521 1111
783 452 867 519 clere
883 469 919 519 ac
935 456 1005 542 tuto
1020 452 1217 530 incedamus,

89 545 256 626 principio
270 546 310 610 ab
324 545 402 611 ideis
417 544 621 609 secernimus.
647 545 740 610 ldeae
759 547 832 608 sunt
853 536 1009 626 imagines
1023 561 1131 608 rerum
1149 561 1226 627 per-

90 635 253 708 ticularcs,
275 651 356 718 quae
378 638 451 698 actu
473 634 513 697 eb
535 633 665 698 bomine
685 632 934 716 conspiciuntur.
960 632 1124 714 Principia
1144 651 1219 700 vero

90 728 165 789 sunt
180 723 412 797 universalia,
401 722 521 787 surium
535 728 613 804 puta
628 723 677 788 vel
692 722 867 787 officiorum
877 721 1046 796 elementa,
1058 738 1139 805 quae
1148 723 1218 786 ani-

91 829 178 887 mee,
195 811 296 876 instar
311 812 451 886 habitus,
468 811 648 889 inhaerent,
667 811 721 876 sed
737 815 808 876 actu
824 828 888 875 non
901 811 1154 891 persentiuntur,
1168 811 1219 876 ni-

90 901 119 965 si
133 900 272 966 rationis
287 902 393 965 lumen
408 899 573 975 affulserit,
586 917 685 984 eeqtre
694 900 734 963 in
749 899 872 964 casibus
888 899 1131 980 particularibus
1145 917 1219 966 exe·

91 989 186 1054 rendi
201 993 295 1074 atque
310 989 490 1072 applicandi
506 988 629 1053 occasio
653 1004 721 1053 sese
743 987 906 1054 obtulerit.
925 986 978 1053 Sic
993 988 1097 1068 pietas
1113 991 1148 1054 in
1163 1005 1219 1070 pa-

92 1082 202 1143 rentes
224 1077 363 1143 officium
381 1082 431 1143 est
450 1077 631 1158 ingenitum
646 1094 664 1141 a
681 1081 806 1154 natura,
827 1077 881 1142 sed
900 1075 954 1141 illa
971 1077 1060 1142 notio
1077 1095 1135 1142 nec
1151 1095 1219 1142 sese

92 1167 211 1241 exerit,
226 1165 327 1251 neque
337 1166 441 1231 ideam
452 1167 632 1242 constituit,
644 1167 706 1231 nisi
718 1167 766 1231 vel
777 1171 949 1249 parentum
958 1170 1155 1248 conspectus,
1171 1167 1218 1231 vel

92 1256 210 1322 saitem
224 1256 338 1320 relatio
354 1255 413 1320 filii
429 1256 468 1320 ad
483 1260 607 1338 petrem
623 1259 764 1320 mentem
779 1254 956 1320 incesserit.
973 1255 1040 1319 Hac
1051 1257 1155 1337 posite
1170 1255 1220 1319 di·

93 1345 284 1418 stinctione,
301 1344 428 1408 innatas
442 1344 528 1409 ideas
541 1351 635 1426 neget
648 1344 701 1428 qui
713 1344 801 1418 velit,
813 1343 984 1408 dummodo
993 1344 1152 1424 ingenitas
1162 1363 1220 1408 no·

93 1434 202 1498 tiones
217 1437 311 1516 etque
325 1433 399 1496 iure·
412 1433 561 1506 fateatur:
578 1434 627 1498 ius
641 1433 741 1509 enim,
758 1434 797 1496 in.
813 1451 868 1498 sua
885 1432 1079 1514 amplissima
1095 1434 1219 1514 signifi-

95 1523 237 1597 catione,
256 1527 305 1588 est
319 1522 513 1606 principium
533 1523 580 1588 vel
600 1522 688 1588 notio
705 1522 932 1588 intellectualis
947 1521 1065 1587 iustum
1080 1521 1120 1586 ab
1135 1523 1220 1586 iniu-

96 1618 148 1677 sto
163 1595 333 1676 secerne'ns
348 1607 402 1696 (a).

187 1700 249 1765 111.
267 1701 315 1766 Re
326 1717 413 1764 emm
423 1715 510 1775 vera
524 1698 667 1766 drvrnum
678 1699 828 1784 qurddem
839 1699 871 1764 ln
884 1697 1051 1764 hominum
1062 1699 1222 1765 mentibus

96 1793 246 1855 ιιιιιιιι
267 1789 489 1865 constitutum,
506 1791 688 1856 universum
703 1788 803 1854 sensit
826 1807 924 1870 genus
938 1788 1124 1854 humanum.
1142 1788 1222 1856 Uni-

96 1879 227 1944 versalis
243 1882 350 1950 eutem
361 1878 487 1943 rudium
506 1884 539 1944 et
555 1878 865 1961 sapientissimorum
879 1877 1058 1953 consensio,
1077 1895 1138 1943 vox
1153 1883 1222 1944 eret

98 1973 232 2034 naturae
256 1967 459 2050 semetipsam
480 1968 717 2056 persentientis,
736 1968 802 2032 imo
818 1985 878 2034 vox
892 1967 977 2033 Dei
967 1985 1001 2031 ιι
1018 1970 1129 2032 nature
1154 1968 1223 2050 ipsa

97 2071 286 2137 personans,
297 2061 417 2137 gentes
432 2073 642 2142 mestumque
666 2057 813 2130 edocens,
832 2075 862 2120 v
880 2074 944 2138 gr,
962 2055 1065 2121 Deum
1087 2075 1156 2124 csse
1170 2074 1224 2123 oo—

97 2147 240 2220 lendum,
247 2145 370 2210 fidem
360 2146 505 2228 rnpectis
518 2146 714 2220 servandam,
727 2145 848 2222 nemini
863 2145 1053 2219 nocendum,
1066 2145 1224 2210 elteribe-

94 2233 330 2300 nefeciendum·
351 2251 431 2318 quae
446 2253 510 2299 uno
531 2253 587 2299 ore
605 2252 716 2298 omnes
735 2239 845 2316 gentes
861 2235 1075 2314 protulerunt.
1093 2233 1156 2300 Cur
1170 2251 1223 2300 ve·

94 2342 145 2400 ro,
161 2323 225 2389 nisi
240 2323 314 2405 quie
329 2322 478 2387 notiones
493 2323 575 2398 illas,
594 2341 674 2410 quae
689 2323 759 2388 iura
771 2323 852 2388 fiunt
864 2323 959 2388 simul
970 2327 1003 2388 et
1013 2323 1128 2398 officie,
1138 2325 1222 2388 Deus

95 2412 131 2477 in
146 2412 329 2479 universam
344 2410 510 2488 bominum
524 2416 680 2486 naturam,
697 2411 786 2496 quasi
802 2417 950 2477 aeternae
964 2411 1110 2477 veritatis
1125 2430 1161 2477 ac
1174 2414 1223 2476 iu-

94 2501 209 2566 stitiae
220 2499 404 2583 particulas,
421 2500 554 2566 infudit?
569 2500 630 2567 Sed
645 2490 784 2576 modus,
778 2518 848 2584 quo
863 2501 971 2565 divine
986 2499 1064 2565 beec
1079 2518 1222 2566 commu·

94 2589 219 2656 nicetio
235 2589 395 2654 mentibus
410 2589 460 2662 fit,
478 2589 636 2656 difficilius
651 2594 685 2655 et
699 2589 905 2670 periculosius
921 2589 1106 2674 inquiritur

186 2678 248 2745 IV.
265 2678 359 2744 Plato
372 2677 537 2744 hominum
549 2683 684 2756 mentes,
700 2695 871 2763 eammque
882 2679 968 2743 ideas
984 2682 1073 2744 tenta
1086 2678 1224 2744 admira-

94 2767 187 2833 tione
201 2772 251 2833 est
267 2771 463 2849 prosecutus,
478 2773 515 2833 ut
530 2785 583 2833 eas
595 2767 692 2832 veluti
704 2767 830 2832 divinae
841 2769 959 2833 mentis
970 2767 1094 2833 effluvia
1106 2768 1222 2833 descri-

94 2857 187 2932 bens,
201 2857 401 2920 emanarunt
415 2873 528 2938 parcns
543 2855 668 2922 habitus
682 2854 738 2920 sit.
753 2855 843 2922 Ultra
859 2857 1018 2938 progressi
1030 2857 1219 2938 panteistae,

96 2945 308 3026 particulares
324 2943 515 3022 intellectus,
533 2962 622 3010 veras
637 2963 704 3009 esse
719 2950 753 3011 et
764 2944 984 3011 substantiales
992 2946 1178 3010 universalis
1189 2951 1222 3011 et

97 3035 200 3100 divini
209 3033 389 3098 intellectus
397 3035 554 3099 sectiones
562 3051 597 3099 ec
605 3034 793 3116 partitiones
802 3035 976 3098 commenti
985 3040 1070 3098 sunt:
1082 3035 1221 3098 eiusdem

98 3123 200 3204 igitur
214 3126 359 3195 naturae,
377 3123 575 3206 aeternitatis
591 3126 684 3207 atque
700 3121 915 3187 auctoritatis.
936 3121 1066 3197 Contra,
1085 3122 1240 3198 humane,
1284 3134 1288 3140 ·

95 3211 266 3294 divinaque
280 3210 384 3274 omnis
397 3211 607 3293 philosophie,
622 3212 864 3294 rationemque
877 3210 1022 3275 homines
1037 3229 1154 3284 sumus,
1164 3229 1221 3292 po—
1329 3249 1332 3256 «

97 3301 147 3366 nit
159 3298 505 3372 creetem,distinctam
520 3300 725 3382 eDeo,eique
738 3299 921 3376 subiectem;
937 3299 1157 3365 indelebilibus
1174 3305 1222 3364 te-

97 3392 173 3454 me‘n
185 3389 331 3472 veritatis
342 3393 375 3454 et
383 3389 524 3454 iustitiae
536 3390 702 3454 elementis
710 3388 895 3471 inscriptam
906 3389 1218 3475 atqueobsignatam,

97 3479 136 3542 ab
152 3477 252 3560 ipsius
267 3477 441 3542 creationis
455 3477 565 3543 initio:
584 3497 602 3537 ιι
620 3479 661 3544 Et
675 3478 795 3543 creavit
809 3478 892 3541 Deus
907 3478 1071 3542 hominem
1087 3477 1126 3542 ad
1141 3478 1222 3543 ime-

97 3567 326 3648 ginem‘suam:
340 3567 380 3630 ad
394 3566 567 3648 imaginem
581 3567 641 3632 Dei
656 3569 776 3632 creavit
791 3565 883 3630 illum
901 3564 942 3648 1).
958 3591 975 3630 ι
1248 3563 1270 3640 tl
1290 3567 1359 3623 Gen.
1370 3609 1377 3640 ,
1388 3565 1466 3640 bet.

189 3655 234 3720 V.
251 3655 505 3722 Emanetismum
520 3660 553 3720 et
565 3655 799 3738 pantheismum
811 3673 915 3738 presse
925 3655 1132 3721 refutabimus
1141 3653 1174 3718 in
1185 3655 1224 3719 li-

97 3744 147 3808 bri
164 3743 259 3826 bujus
271 3743 366 3810 titulo
380 3744 440 3810 lX.
458 3745 541 3814 Nam
553 3744 792 3810 manshumane
812 3748 860 3832 est
878 3745 1032 3810 limitibus
1043 3745 1225 3810 cirumscri-

181 3941 222 4016 (a)
243 3945 414 4016 Principio,
429 3940 739 4016 commessationes,
760 3943 803 4002 bic
818 3937 904 4000 unum
925 3942 1051 4015 idemque
1065 3956 1126 3998 esse
1148 3941 1223 3998 voln-

99 4033 172 4088 mus,
183 4019 289 4074 semina
303 4019 408 4075 scilicet
421 4019 566 4074 veritatum
580 4027 664 4107 atqua
671 4021 801 4077 virtutum
816 4033 866 4075 suo
880 4026 1003 4089 tenpore
1014 4017 1222 4075 efflorescentie

100 4094 228 4150 «fndus
238 4102 266 4151 et
277 4095 353 4167 quusi
364 4095 536 4182 consignatas
547 4095 572 4151 1ι
583 4095 679 4151 animis
692 4095 841 4152 notionesn
854 4093 1072 4166 app'ellatciccro
1080 4093 1222 4168 1Τιιιι.,1,

96 4167 155 4240 21).
173 4167 262 4228 idem:
284 4190 295 4220 ι
313 4171 343 4226 1ι
357 4171 478 4226 omnium
492 4170 590 4227 animis
604 4171 720 4226 Deorum
732 4171 870 4227 notionem
881 4172 1020 4242 impressit
1031 4177 1128 4226 nature
1142 4191 1153 4221 ι
1171 4136 1224 4241 t’De

95 4251 162 4301 nat.
182 4249 284 4317 θεον,
301 4245 449 4317 1,161.Δ1ι
463 4245 515 4302 illis
530 4259 595 4302 vero
609 4247 655 4319 qui
669 4237 811 4303 facultates
824 4235 929 4302 mutum
942 4252 1056 4332 ponunt,
1066 4245 1164 4319 quibus
1176 4259 1223 4300 ea-

95 4320 158 4376 dem
179 4321 320 4408 principia
331 4321 494 4380 naturaliter
507 4321 658 4392 probentur
676 4327 705 4379 et
720 4329 916 4394 agnoscantur,
933 4321 1066 4392 petimus.
1081 4318 1203 4390 Quomod
1206 4335 1222 4373 o

96 4395 122 4451 id
137 4397 196 4471 fiet,
213 4396 266 4454 nisi
281 4396 353 4454 ratio
363 4396 483 4454 humana
497 4398 532 4454 ad
543 4397 608 4453 111ι
601 4412 653 4453 ram
665 4406 738 4455 esset
748 4396 912 4455 naturaliter
922 4395 1085 4454 constituta?
1096 4396 1152 4455 Alia
1164 4407 1222 4450 rer-

97 4470 142 4543 ba,
159 4487 208 4528 res
221 4471 332 4530 eedem.
348 4474 417 4551 lmo,
437 4489 490 4531 ιιι
512 4472 594 4532 modo
614 4473 703 4551 insita,
719 4474 785 4547 quin
807 4473 851 4533 illa
871 4473 1029 4533 rationalem
1051 4473 1222 4529 constituunt

98 4555 242 4606 naturam.
