3228 5280
547 325 770 378 rrrucusxur.
1095 317 1168 386 ‘329

90 472 149 538 illi
163 473 284 542 iaciunt
301 476 426 555 turpem
441 475 475 537 et
490 489 629 540 exosam.
643 475 844 542 Mendacium
860 475 966 562 itaquo
982 484 1014 544 ct
1034 480 1131 559 lraus,
1149 490 1216 554 cul-

90 567 190 627 tuum
202 567 250 626 est
266 579 322 643 par
332 561 504 626 tolerantia
516 563 565 626 rel
583 563 723 627 libertas.
735 566 916 631 Americam
932 568 1124 652 excepimus,
1136 595 1216 660 quae

93 651 202 715 adhuc
214 651 248 714 in
262 650 365 730 gentis
377 649 513 715 infantia
529 659 684 720 versatum
699 653 753 717 sed
769 655 834 724 iam
848 672 966 721 veneno
978 658 1120 726 inficitur
1132 667 1217 750 quod

90 757 135 804 ex
148 744 296 820 corrupta
311 738 437 822 Europa
449 739 578 805 dililuit.
1000 771 1001 774 ¹

197 828 271 893 vu.
290 825 408 892 Causae
423 828 502 893 duae
516 835 602 896 sunt:
623 830 654 895 l.
672 832 868 914 Amplitudo,
887 834 933 899 vis
949 841 982 902 ct
998 837 1093 902 robur
1107 846 1218 911 astho.

92 916 179 981 licae
203 914 381 996 religionis,
404 933 441 980 ac
456 923 624 1000 propterea
635 937 666 984 a
680 922 941 1002 protestantismo
961 927 1092 1010 eiusque
1106 935 1217 1000 amicis

95 1004 276 1069 coercenda
291 1003 352 1090 (al;
370 1006 404 1070 2.
422 1007 651 1088 imperantium
667 1015 700 1076 et
716 1010 957 1092 magistratuum
972 1017 1147 1098 cupiditas,
1165 1042 1218 1089 ca.

94 1093 295 1158 tholicorum
310 1093 418 1168 sacris,
437 1097 684 1176 protestantium
701 1116 790 1163 more
806 1100 1002 1170 dominandi.
1018 1105 1122 1185 Quum
1134 1114 1216 1178 adeo

93 1181 250 1260 flexibilis
263 1182 305 1250 sit
321 1184 566 1267 protestantium
581 1186 683 1253 cultus
695 1187 742 1251 vel
758 1186 847 1264 lidos,
864 1196 899 1255 ut
914 1191 978 1255 illis
993 1196 1151 1284 principes
1163 1204 1218 1266 ab·

93 1270 294 1336 solutissimo
310 1271 447 1354 imperio
459 1273 679 1351 dominantum
691 1293 794 1350 eccur,
806 1278 943 1345 recitant
956 1281 1086 1364 legistae
1098 1290 1218 1373 aliique

92 1359 280 1441 principum
296 1361 536 1436 adulatores‚vel
548 1363 716 1444 imperium
732 1371 950 1446 aucupaturos,
961 1387 1053 1437 eccur
1060 1373 1218 1444 Ecclesiae

93 1447 195 1528 leges,
205 1449 316 1514 saltem
333 1455 495 1523 externae,
506 1449 610 1518 Statui
625 1469 688 1516 non
700 1453 966 1522 subiicienturiSi
978 1462 1086 1526 omnia
1101 1485 1216 1551 aequa-

93 1535 139 1599 lia
156 1538 279 1602 suntin
295 1539 436 1614 civitate,
454 1555 510 1606 cur
525 1539 664 1605 Ecclesia
679 1540 835 1606 catholica
851 1543 992 1628 (excepta
1007 1556 1218 1622 conscicntia.

93 1641 169 1688 rum
185 1624 256 1711 lide)
265 1627 393 1709 reliquis
407 1628 542 1692 cultibus
555 1646 618 1694 non
630 1629 830 1712 aequabitur?
838 1632 917 1698 Inde
927 1644 1105 1716 persecutio
1120 1647 1155 1711 in
1166 1664 1218 1710 ca·

91 1712 245 1790 tholicos,
253 1716 308 1797 qui
320 1735 421 1801 neque
432 1717 527 1780 lidem
540 1734 640 1799 neque
651 1717 811 1783 Ecclesiae
822 1720 905 1803 leges
915 1723 1019 1790 Statui
1031 1732 1215 1800 subiiciunt.

93 1795 181 1865 Hinc
190 1804 362 1886 sophistae,
374 1805 567 1888 legislatores
576 1806 666 1882 lactu
677 1826 889 1891 quoscumque
898 1813 1034 1893 periurii
1043 1826 1076 1885 et
1087 1841 1216 1889 excom-

92 1891 321 1958 municationis
337 1896 516 1961 reiicientes
527 1896 722 1970 societatem,
733 1896 1006 1968 Statusdivinitati
1022 1915 1162 1977 mactant
1175 1914 1213 1977 li.

10 2015 11 2054 ,
91 1977 281 2046 bentissime
289 1984 637 2065 acdevotissime3quod
646 1985 758 2050 nudius
770 1988 882 2053 bertius
891 1995 1215 2072 conspeximusllum

10 2103 11 2108 κ
93 2067 197 2148 igitur
211 2069 271 2134 hoc
287 2073 386 2138 ferret
400 2074 539 2139 cultuum
557 2073 695 2150 libertas,
706 2078 743 2139 ut
754 2075 891 2159 seipsum
903 2086 992 2162 regat
1004 2087 1138 2165 quilibet
1150 2092 1216 2155 cul.

93 2162 146 2220 tus
166 2156 253 2223 iuxta
266 2164 428 2244 propriam
445 2166 590 2238 naturam
605 2167 638 2229 et
653 2165 927 2240 constitutionem,
946 2181 1090 2240 econtra
1107 2196 1217 2244 omnes

10 2305 11 2328 ,
93 2252 249 2326 reguntur
264 2265 282 2311 a
297 2250 399 2327 Statu,
416 2269 479 2318 uno
492 2252 611 2318 subacti
626 2252 714 2332 iugo,
731 2269 768 2316 ea
783 2255 980 2335 conditione,
989 2267 1025 2327 ut
1038 2267 1219 2334 catholicis-

10 2373 12 2414 ,
94 2351 167 2400 mus
182 2340 294 2418 utpote
310 2339 427 2405 fortior
442 2343 537 2421 atque
552 2340 732 2416 indocilior‚
751 2343 864 2410 maiori
881 2347 985 2427 legum
1007 2355 1147 2432 pondere
1161 2375 1216 2422 ur-

10 2463 11 2504 ,
86 2425 218 2504 ,geatun
230 2427 295 2492 Nec
311 2446 391 2494 nova
403 2429 480 2494 haec
492 2429 609 2492 iurium
626 2429 859 2505 abusio‚sedex
870 2437 1155 2515 quo,illiberaliter
1167 2452 1216 2511 at-

93 2531 158 2595 que
178 2512 459 2596 imationabiliter,
477 2518 578 2584 cultus
594 2517 642 2584 vel
665 2519 808 2586 cultuum
824 2521 972 2592 Minister
990 2529 1040 2594 vir
1055 2533 1152 2600 laicus
1167 2543 1215 2605 est

93 2602 298 2668 constitutus.
711 2638 719 2646 ·

186 2690 276 2757 Vlll.
294 2693 354 2761 Sed
370 2695 449 2761 bona
465 2697 547 2762 adsit
562 2697 651 2773 lides,
668 2714 762 2779 quam
779 2716 940 2785 uunquam
951 2709 1167 2788 perspeximus
1183 2715 1217 2777 in

10 2821 11 2852 ,
95 2778 289 2846 tolerantiae
304 2783 496 2859 doctoribus,
514 2803 667 2870 quosnam
682 2787 811 2854 habebit
830 2789 949 2858 limites
963 2797 1104 2862 cul-tuum
1121 2801 1216 2866 liber-

10 2907 12 2920 ,
95 2869 159 2932 tas?
170 2869 238 2933 lloc
253 2871 323 2936 lieri
338 2891 428 2956 posse
445 2875 515 2940 iure
530 2875 650 2950 divino,
660 2876 805 2958 intelligo
820 2883 853 2944 et
867 2880 1095 2957 scio;humano
1106 2897 1215 2956 autem

10 2995 11 3034 ,
95 2955 178 3034 iure,
197 2959 294 3023 nullo·
305 2963 400 3030 modo
415 2964 483 3030 liet.
501 2963 562 3028 Vel
579 2964 666 3028 enim
680 2965 781 3031 cultus
804 2968 998 3051 admittitur,
1019 2975 1089 3042 iure
1103 2978 1213 3044 divino

10 3083 11 3122 ,
94 3046 297 3122 constitutus;
317 3052 364 3115 vel
379 3051 519 3118 hominis
534 3053 746 3119 conscientiae
760 3055 964 3139 relinquitur;
982 3064 1032 3128 vel
1047 3083 1065 3130 a
1080 3066 1170 3133 Statu
1186 3071 1215 3132 i·
1327 3096 1330 3100 ·

95 3151 153 3214 pso
169 3137 382 3205 constituitur.
391 3140 510 3209 Ultima
520 3141 709 3225 hypothesis
720 3148 898 3209 extremum
910 3147 1009 3217 infert
1021 3156 1211 3238 tyrannidis:

97 3239 173 3287 nam
187 3224 215 3288 si
230 3225 300 3290 iure
315 3247 448 3296 romano
464 3249 570 3298 servus
581 3236 674 3313 caput
690 3250 754 3298 non
766 3234 953 3310 hebetiora
969 3240 1029 3306 hoc
1045 3261 1126 3311 novo
1138 3247 1216 3314 civis

96 3327 155 3376 nec
167 3316 394 3384 conscientiam
410 3337 467 3384 nec
479 3320 580 3384 Deum
592 3320 733 3397 haberet,
745 3323 799 3386 sed
815 3323 922 3389 Status
936 3334 970 3393 et
985 3330 1085 3397 Deum
1098 3341 1131 3400 et
1141 3355 1217 3401 con-

95 3401 263 3467 scientiam
278 3405 410 3487 singulis
425 3411 600 3491 effingeret.
614 3409 652 3476 ln
667 3413 802 3476 secunda
818 3412 996 3496 hypothesi,
1008 3425 1057 3486 tut
1069 3426 1171 3490 cultus
1182 3443 1216 3490 e-

95 3494 172 3554 runt
187 3498 264 3573 quot
275 3495 430 3560 homines:
445 3499 493 3563 rel
505 3515 568 3562 uno
585 3498 715 3575 reiecto,
728 3500 856 3567 libertas
868 3505 1012 3573 cultuum
1024 3509 1215 3580 destruetur.

98 3578 283 3647 Atheismus
299 3583 364 3667 ipse
379 3604 438 3668 pro
454 3587 542 3651 civili
557 3588 703 3654 doctrina
718 3590 877 3657 habendus
892 3594 987 3674 foret,
1006 3606 1042 3666 ut
1057 3604 1218 3685 Augustae

97 3666 308 3737 Taurinorum
323 3673 439 3740 docent
455 3677 600 3740 nonnulli
614 3676 780 3760 religionis
804 3683 960 3762 magistri:
981 3689 1082 3757 «nNoi
1098 3693 1217 3775 voglia·

97 3772 150 3820 mo
162 3756 275 3824 chasia
284 3761 364 3829 latta
374 3763 473 3828 libera
485 3763 598 3831 facoltti
614 3766 652 3829 ad
665 3785 793 3850 ognuno
805 3771 862 3834 obe
871 3772 895 3835 il
904 3777 1018 3856 voglia,
1027 3778 1060 3842 di
1074 3798 1137 3847 non
1150 3800 1219 3849 am-

97 3850 232 3912 mettere
248 3849 422 3917 l'esistenza
434 3854 466 3917 di
478 3853 540 3919 llio
554 3853 597 3940 1).
611 3857 771 3924 »Deindez
784 3879 801 3918 a
812 3860 856 3924 La
873 3862 988 3930 liberta
999 3865 1052 3932 dei
1063 3871 1143 3937 culti
1153 3893 1216 3940 non
1277 3878 1300 3954 t)
1329 3880 1358 3936 ln
1385 3880 1473 3938 diario

96 3935 166 3999 solo
181 3935 208 3998 si
223 3937 300 4002 deve
316 3942 478 4006 estendere
494 3959 512 4005 a
528 3947 611 4010 tutte
629 3945 658 4010 le
672 3950 823 4014 credente
838 3952 999 4034 religiose,
1017 3975 1069 4022 ma
1085 3959 1145 4026 ben
1162 3982 1219 4027 an·
1240 3956 1418 4028 Τᾶϋῐῑῡθΰθῑ,
1440 3954 1472 4012 ῑα

96 4021 156 4087 che
171 4024 210 4090 ud
224 4028 298 4107 ogni
316 4031 491 4113 qualunque
507 4037 601 4110 setta,
619 4053 639 4099 o
655 4039 844 4116 accademia,
863 4046 1002 4109 oscuola
1018 4047 1077 4112 che
1094 4068 1157 4115 non
1174 4053 1220 4117 ri·
1241 4029 1474 4180 ffiffl‘fld·

181 4199 221 4273 (α)
236 4201 310 4260 llaec
324 4205 530 4265 laurinensium
545 4208 733 4272 libertinorum
752 4215 820 4274 ratio
833 4219 1045 4281 machiavellica:
1062 4223 1090 4283 li
1102 4227 1220 4286 cattoit-

98 4277 189 4332 cismo
201 4277 217 4332 d
228 4283 419 4354 tropposortc
433 4289 532 4342 contro
545 4284 577 4342 di
590 4291 651 4353 not·
659 4290 781 4364 bisogno
793 4290 979 4367 deprimeres
994 4299 1022 4355 le
1034 4307 1176 4361 mussimc
1186 4305 1222 4361 cd

98 4366 109 4402 c
126 4357 268 4409 niaaaslrc.
284 4357 352 4412 llrnc
366 4357 482 4427 plurima
503 4363 641 4436 mysteria,
665 4365 786 4423 homines
799 4383 905 4441 qtroque
924 4377 952 4426 et
964 4372 1034 4432 lacta
1049 4377 1216 4438 revelantur:

98 4430 336 4492 protestantismus
350 4431 488 4508 deligitur,
503 4441 621 4508 suscepti
631 4443 722 4510 operis
735 4451 878 4500 executor.
892 4447 941 4500 llic
954 4451 1027 4506 omni
1040 4457 1163 4523 tempore
1178 4464 1221 4513 to-

99 4497 239 4558 lerantiam
254 4506 399 4582 antulium
412 4511 510 4567 ionium
525 4527 638 4571 consors
652 4515 810 4576 baberetur:
825 4535 896 4596 mor,
912 4521 953 4580 rel
967 4524 1041 4582 solua
1053 4540 1160 4607 regnat,
1178 4535 1219 4594 vei

98 4589 127 4632 re
142 4579 305 4652 recipientes
322 4587 503 4660 persequitur.
1074 4617 1076 4624 ·

991 4676 1034 4749 ia
