3224 5282
410 300 478 376 illa
848 323 993 380 amnon.

366 469 655 554 nibusqulbusdam
667 468 788 539 lurtbus
800 478 942 543 utuntur.
951 472 1012 542 Sed
1024 491 1122 559 quum
1133 491 1246 559 corpus
1257 469 1375 541 morale
1383 475 1427 542 sit
1438 473 1488 543 ci-

366 565 457 637 vitas,
475 561 628 627 membris
642 566 801 640 constans,
820 583 885 636 non
900 581 1054 647 personae
1068 565 1251 640 identitate,
1274 563 1328 630 sed
1344 565 1486 630 fraterna

365 652 521 716 charitate
537 650 704 726 devinctis:
718 669 820 734 neque
832 654 984 719 fratribus
994 655 1102 718 omnia
1113 653 1179 720 sint
1193 652 1374 719 commonia
1386 653 1422 718 in
1432 671 1487 718 ea·

366 743 438 806 dem
450 739 585 815 familia,
600 746 731 823 propter
742 741 937 807 individuam
949 742 1147 824 singolorum
1157 742 1431 827 personalitatem:
1441 743 1489 806 sic

362 846 469 911 neque
485 828 593 893 omnia
608 835 681 895 sunt
696 831 877 895 communia
889 829 926 895 in
942 829 1084 898 ciuitate.
1103 833 1176 897 lura
1190 831 1327 897 discreta
1341 835 1375 896 et
1385 831 1489 912 parti·

365 917 487 982 colaria
501 916 626 983 iustitia
640 918 918 1003 constituitque
933 919 1050 986 civium
1064 920 1194 1003 respicit
1206 920 1431 1003 proprietates:
1450 935 1490 983 u·

366 1006 534 1072 niversalia
549 1011 655 1073 autom
671 1006 823 1084 charitas,
841 1025 921 1094 quae
934 1008 962 1073 si
977 1009 1085 1085 corde,
1098 1008 1330 1084 benevolentia,
1344 1007 1373 1072 si
1389 1025 1490 1091 opere

366 1099 543 1170 exercetur,
561 1094 772 1162 beneficentia
788 1096 976 1181 appellatur.
1241 1113 1243 1118 ·

456 1185 518 1251 lll.
537 1184 609 1249 Duo
624 1183 724 1266 igitur
738 1186 916 1252 officiorum
931 1202 1047 1271 genera
1062 1185 1207 1270 corporis
1221 1184 1346 1252 socialis
1356 1201 1489 1266 compa·

367 1291 440 1355 gem
456 1277 595 1338 servant:
613 1273 735 1339 iustitio
749 1290 786 1339 ac
801 1276 1013 1360 beneficentio:
1023 1274 1080 1341 illa
1095 1293 1159 1351 res,
1176 1274 1254 1340 baec
1267 1274 1405 1340 fratmm
1417 1291 1492 1356 per-

366 1379 460 1428 sonas
474 1362 660 1445 respicieos;
678 1362 735 1427 illa
749 1362 799 1428 ius
813 1383 831 1430 a
846 1365 917 1430 iure
932 1381 1112 1440 secernens,
1129 1364 1208 1429 baec
1221 1379 1372 1447 personas
1389 1363 1426 1427 iu
1442 1363 1491 1428 fa·

366 1451 476 1517 miliae
490 1451 621 1517 unitate
628 1455 808 1518 restaurans
823 1458 856 1520 et
871 1453 1074 1536 recolligens.

453 1539 513 1606 Ν.
527 1539 653 1607 lustitia
663 1541 895 1623 proprietatem
906 1541 1075 1609 constituit
1085 1539 1120 1606 in
1132 1540 1172 1608 iis
1184 1539 1490 1624 quaeunusquisque

364 1629 563 1705 inventione,
578 1629 802 1712 occupatione,
814 1633 933 1709 labore,
946 1631 1089 1714 ingenio,
1102 1647 1292 1713 suarumque
1304 1631 1492 1696 facultatum

364 1719 532 1795 exercitio,
541 1719 603 1785 sibi
614 1719 786 1803 copulavit.
797 1721 1354 1805 Quaeadcocuiusquepropriasunt,
1365 1724 1402 1785 ut
1414 1737 1492 1800 pro-

363 1808 436 1892 pria
448 1812 496 1874 est
510 1825 659 1891 persona,
676 1809 828 1891 proprius
845 1809 934 1876 labar
949 1815 983 1876 et
997 1809 1162 1891 ingenium
1177 1826 1220 1874 ex
1231 1811 1295 1894 quc
1310 1809 1365 1873 illa
1381 1807 1493 1890 profe·

363 1900 416 1962 cta
431 1900 519 1962 sunt.
533 1897 864 1981 neclegentem
874 1900 986 1982 cuique
997 1897 1270 1981 coaequalitatem
1284 1896 1492 1964 tribuendum

364 1989 426 2060 est,
443 1984 532 2052 nulla
548 1985 657 2051 babita
672 1987 799 2052 ratione
814 2005 981 2070 personae,
994 1989 1050 2052 sed
1060 1989 1109 2052 rat
1126 1989 1262 2061 adrem:
1279 1986 1355 2051 etsi
1371 1986 1492 2050 laesum

365 2073 475 2148 luerit,
493 2075 705 2140 sarciendam.
716 2075 779 2141 Ubi
794 2080 899 2141 autem
912 2077 1009 2142 linem
1021 2075 1140 2158 accipit
1151 2075 1286 2149 iustitia,
1304 2073 1396 2140 illinc
1408 2074 1492 2138 inci·

365 2161 416 2244 pit
427 2161 613 2230 charitaset
628 2164 848 2248 beneficentia,
860 2166 1081 2232 universorum
1097 2165 1254 2240 familiam
1265 2163 1300 2228 in
1312 2167 1449 2228 naturae
1459 2167 1493 2227 et

368 2251 486 2315 amoris
500 2251 624 2318 unitate
640 2253 866 2337 complectens.

456 2340 500 2406 V.
517 2341 577 2407 Est
591 2341 799 2408 beneficentia
813 2343 868 2409 illa
890 2343 1057 2410 mundans
1070 2343 1204 2420 iustitio,
1230 2357 1323 2424 quae,
1341 2341 1413 2407 sine
1426 2339 1493 2405 ullo

368 2428 527 2513 descripto
542 2430 626 2505 iure,
640 2430 776 2495 fratrum
792 2432 1031 2498 necessitatibus
1045 2431 1202 2505 subvenit,
1221 2447 1364 2513 quaeque
1384 2429 1493 2494 bomi-

370 2535 442 2582 nem
458 2519 598 2600 perfecte
608 2518 777 2585 honestum
791 2521 970 2596 constituit,
985 2521 1024 2585 de
1038 2539 1099 2604 qua
1111 2519 1158 2586 ait
1164 2518 1322 2585 Christus:
1339 2539 1357 2579 a
1370 2518 1445 2585 Nisi
1458 2535 1492 2582 a·

369 2607 556 2680 bundaverit
569 2607 693 2673 iustitia
708 2609 886 2691 vestraplus
896 2627 992 2692 quam
1003 2612 1177 2675 scribarum
1189 2613 1224 2673 et
1234 2607 1491 2690 pharisaeorum,

141 2673 165 2800 ᾗ)
188 2666 298 2740 mh*
313 2667 346 2738 γ’
369 2713 432 2759 non
447 2695 611 2762 intrabitis
626 2696 661 2760 in
676 2714 808 2777 regnum
824 2700 984 2763 caelorum
1002 2696 1044 2783 1).
1065 2722 1082 2762 o
1099 2699 1185 2763 Haec
1200 2697 1320 2761 amicos
1334 2702 1369 2761 et
1380 2695 1496 2761 inimi·

139 2786 169 2890 ²5
183 2817 263 2892 “lb
279 2817 327 2874 ⁴⁴·
368 2782 1496 2959 :stellataslttltfsll.::.⁰l:::tt⁸,²l::l:tll

368 2967 434 3028 stus
449 2964 671 3047 descripserat:
690 2983 708 3024 a
725 2963 843 3030 Omnia
865 2982 1079 3048 quaecumque
1095 2963 1190 3030 vultis
1204 2970 1241 3029 ut
1256 2963 1379 3028 iaciant
1404 2962 1496 3028 vobis

134 3045 160 3118 3)
170 3045 346 3120 Matth.,llll‚
367 3052 527 3129 homines,
544 3057 578 3120 et
592 3071 647 3118 vos
662 3053 759 3118 facita
772 3053 851 3125 illis:
864 3053 942 3118 baec
956 3059 1005 3119 est
1019 3053 1106 3124 euim
1119 3052 1215 3118 laxet
1229 3051 1406 3135 prophetae
1415 3048 1462 3134 3).
1476 3075 1494 3114 o

121 3124 136 3176 ²
143 3163 148 3174 ·
170 3187 173 3194 ,
367 3143 687 3223 Ergo-beneficentia,
705 3142 791 3208 inter
805 3142 906 3207 officia
917 3147 1048 3208 naturae
1062 3143 1167 3224 prima
1179 3146 1212 3207 et
1225 3140 1493 3214 fundamentalia,

367 3236 415 3300 cst
426 3231 629 3297 recensenda.
640 3231 730 3297 Unde
740 3231 958 3313 providentiae
969 3231 1047 3296 ordo
1059 3230 1314 3296 commendatur:
1328 3246 1405 3293 nam
1416 3246 1494 3293 cum

366 3319 452 3385 Deus
467 3322 529 3386 alia
544 3320 698 3385 beneficia
711 3337 768 3402 per
782 3321 921 3400 seipsum
931 3319 1116 3385 bominibus
1126 3319 1300 3393 conferret,
1315 3318 1378 3381 alia
1392 3317 1428 3381 in
1441 3336 1495 3383 so-

365 3409 440 3473 ciali
451 3410 564 3475 ordine
575 3408 759 3473 hominibus
770 3408 980 3490 perhomines
991 3408 1182 3473 conferenda
1193 3407 1370 3490 praecepit:
1380 3424 1495 3473 exem-

364 3496 411 3579 pli
424 3499 539 3578 gratia,
554 3514 728 3577 egenorum
740 3514 849 3561 curam
863 3497 1014 3562 divitibus
1026 3498 1219 3578 relinquens,
1229 3513 1304 3560 suae
1317 3495 1419 3560 veluti
1430 3495 1496 3559 lar-

364 3585 475 3666 gitatis
489 3585 709 3651 executoribus
723 3590 757 3651 et
771 3585 940 3652 ministris.
953 3585 1131 3667 Antiquam
1143 3584 1365 3667 providentiae
1376 3601 1494 3664 genus,

363 3675 447 3756 quod
458 3674 559 3740 David
573 3678 782 3755 expresserat:
797 3694 815 3734 «
829 3674 902 3739 Tibi
913 3674 1080 3739 derelictus
1092 3679 1140 3738 est
1150 3690 1281 3756 pauper,
1295 3673 1447 3753 orpbano
1460 3678 1494 3738 tu

138 3767 164 3839 lt
182 3769 244 3838 Po,
258 3764 291 3835 ll,
301 3765 343 3819 lt.
364 3762 428 3826 eris
444 3760 631 3846 adiutori).
652 3763 724 3829 »Et
739 3761 810 3837 lob,
827 3764 913 3827 nulla
929 3763 1071 3828 iustitiae
1086 3768 1119 3830 et
1134 3762 1366 3827 beneficentiae
1381 3760 1496 3830 babila

363 3850 584 3918 distinctiones
603 3873 620 3910 «
638 3852 766 3918 lustitia
790 3851 919 3917 indutus
932 3869 1016 3915 sum:
1033 3857 1067 3918 et
1081 3851 1193 3918 vestivi
1208 3868 1272 3925 me,
1290 3849 1375 3914 sicut
1397 3850 1496 3916 vesti-

364 3945 474 4011 mento
489 3946 522 4008 ct
536 3941 726 4020 diademate,
745 3939 864 4004 iudicio
876 3957 961 4004 meo.
974 3940 1092 4005 Oculm
1104 3939 1151 4004 fui
1167 3956 1274 4012 caeco,
1288 3944 1322 4003 et
1337 3955 1394 4018 pes
1407 3937 1496 4002 clau·

137 4029 163 4100 st
176 4025 234 4095 lob,
245 4026 342 4100 xxix,
362 4028 416 4092 do.
434 4029 528 4094 Pater
542 4048 629 4095 eram
645 4023 822 4112 pauperum
838 4026 880 4112 5).
900 4050 918 4092 »
935 4027 1018 4092 llinc
1033 4047 1110 4110 quos
1125 4028 1260 4101 iustitia,
1278 4028 1402 4092 iuriam
1426 4027 1495 4090 dis-

121 4105 165 4175 ¹⁴s
185 4104 228 4159 ¹⁶·
361 4117 498 4197 paritate
512 4119 661 4194 secernit,
679 4118 817 4184 ebaritas
831 4133 896 4180 uno
910 4116 1028 4180 amoris
1039 4117 1165 4182 vinculo
1180 4115 1363 4197 coniungit.

450 4208 703 4274 ill-Maximum
720 4212 828 4272 tamen
851 4204 994 4269 iustitiae
1008 4209 1042 4268 ct
1058 4205 1288 4271 beneficentiae
1312 4201 1493 4268 discrimen

361 4293 463 4362 elucet
479 4297 513 4360 in
530 4313 581 4370 eo,
599 4297 681 4380 quod
697 4294 841 4360 iustitiae
856 4293 936 4356 lines
951 4292 1087 4373 publicis
1101 4294 1219 4358 tabulis
1235 4309 1272 4357 ac
1288 4292 1423 4356 iudiciis
1435 4292 1494 4355 de-

362 4382 450 4448 liniri
470 4379 606 4465 possint:
623 4386 766 4467 sequitur
788 4381 875 4446 eninr
892 4381 940 4444 ius
954 4379 1103 4446 strictum
1125 4386 1159 4446 et
1173 4399 1359 4446 mensuram
1383 4380 1435 4444 rei
1452 4379 1494 4444 ad

357 4487 441 4556 rem.
460 4473 676 4542 beneficentia
691 4477 797 4540 autem
812 4487 885 4533 cum
901 4470 1057 4534 rationem
1080 4470 1194 4536 lrabeat
1210 4469 1250 4534 ad
1266 4485 1424 4549 personas
1440 4485 1495 4532 ea·-

362 4575 494 4646 rumque
518 4563 732 4639 necessitates,
751 4565 784 4626 et
799 4562 849 4623 tot
865 4560 992 4642 tamque
1008 4558 1094 4624 varia
1110 4557 1213 4625 officia
1236 4559 1492 4642 complectatur,
