3224 5282
382 439 385 446 ’
418 467 426 508 t

306 847 564 956 urnula
602 784 1029 960 suouuous

135 1084 190 1142 nn
216 1083 456 1147 ennarrans
481 1087 655 1150 soururs
680 1089 731 1150 an
754 1049 882 1148 surra
906 1083 1189 1164 uarsrrsrrs,

422 1193 515 1253 sius
539 1194 591 1254 os
615 1193 917 1255 rnornrsrars.

610 1450 728 1489 *H*-

490 1679 777 1762 TlTULUS
815 1677 845 1755 1.

134 1958 136 1964 y
242 1887 343 1940 Nouio
358 1887 603 1942 sternimus:
619 1884 694 1940 utos
705 1882 843 1948 HOSTES,
859 1885 1100 1942 tumiditas

523 1977 568 2032 ΕΤ
582 1975 808 2032 soctattsidus,

186 2134 210 2190 i.
225 2134 328 2194 lorium
347 2131 464 2192 civilium
478 2132 570 2208 sedes,
584 2133 751 2206 proprietas.
767 2129 804 2190 ΙΙ.
817 2133 995 2206 Proprietatis
1007 2135 1081 2196 notio
1094 2136 1176 2210 realis
1194 2147 1224 2199 et

105 2208 266 2268 nominalis.
283 2211 331 2266 ΙΙΙ.
344 2210 499 2268 Adversarii
509 2211 693 2284 proprietatis,
705 2209 880 2268 Sociolismus·
890 2215 918 2267 et
927 2211 1156 2272 Communismus.
1175 2213 1220 2275 iv.

104 2287 157 2344 Vix
170 2291 299 2354 erumpet
312 2286 542 2344 communismus.
556 2286 589 2343 V.
604 2285 661 2342 lam
680 2300 709 2342 se
726 2284 823 2344 extulit
837 2284 1022 2342 socialismus.
1035 2287 1082 2347 ΙΙΙ.
1104 2293 1223 2358 Quomo-

104 2361 159 2418 do?
173 2361 235 2420 Vll.
247 2361 397 2418 socialismi
410 2361 550 2431 principie.
564 2359 636 2417 vill.
652 2360 730 2418 lnitia
746 2375 762 2417 e
775 2361 941 2431 proprietate
954 2360 1151 2423 ecclesiastica.
1170 2364 1219 2423 ΙΙΙ.

104 2436 183 2497 Unus
197 2435 372 2512 antecedens,
387 2436 458 2495 alter
469 2449 653 2510 consequens.
668 2435 705 2495 x.
718 2435 831 2510 Agenda
843 2435 871 2494 in
885 2435 937 2495 boc
952 2435 1037 2496 libros
1087 2499 1093 2508 ,

196 2598 226 2664 Ι.
244 2600 407 2666 Humanae
419 2597 728 2668 naturaecumrcbus
735 2596 934 2666 sensibilium
944 2555 1126 2679 relationes,
1136 2617 1222 2668 sunr-

104 2707 160 2754 mo
172 2689 378 2770 proprietatis
392 2688 461 2754 iure
475 2689 669 2754 innituntur:
678 2705 742 2770 quo
758 2687 888 2754 nornine
899 2687 1019 2770 aliquid
1030 2691 1219 2771 expressius,

104 2779 223 2844 lortius
238 2794 275 2841 ao
289 2777 432 2854 validius,
442 2794 537 2859 quam
548 2776 712 2841 inusitato
724 2775 1014 2843 dominiirooebulo
1025 2777 1219 2846 continetur.

195 2867 242 2932 ll.
260 2865 456 2946 Proprieteti
469 2869 559 2932 tenta
570 2869 620 2929 est
631 2865 692 2939 vis,
701 2869 739 2929 ut
750 2863 936 2948 quandoque
950 2865 1001 2930 ios
1011 2867 1119 2932 utendi
1129 2875 1222 2950 atque

106 2954 247 3020 admoti
265 2953 350 3018 dicta
372 2953 482 3022 fuerit:
498 2953 582 3035 quod
598 2953 813 3034 plenissimam
835 2951 994 3035 significat
1011 2953 1052 3019 de
1059 2971 1101 3019 re
1115 2960 1222 3022 nostro

105 3041 268 3109 statuendi
284 3045 475 3122 potestatem
488 3038 542 3127 (c).
559 3042 703 3108 Potestas
717 3041 797 3118 haec
810 3041 930 3123 triplici
945 3040 1014 3106 inre
1021 3041 1220 3124 continetur:

108 3131 252 3213 fruendi,
270 3131 468 3206 esctodcodi,
486 3130 681 3210 disponendi.
694 3130 757 3195 Est
771 3129 897 3211 fruito,
913 3130 1105 3195 insomnem
1121 3130 1222 3210 pos'si-

107 3220 205 3284 bilem
220 3216 397 3283 utilitatem
412 3235 453 3284 ex
466 3235 503 3282 re
516 3217 724 3301 percipiendi.
741 3217 897 3282 Exclusio
911 3221 959 3282 est
972 3216 1022 3281 ius
1035 3215 1107 3281 aliis
1121 3217 1222 3285 inter·

108 3306 235 3374 dicendi
250 3306 406 3392 quidquid
419 3306 585 3372 dominum
600 3307 729 3372 turbare
743 3306 845 3387 possit
856 3305 891 3369 in
901 3306 949 3370 rei
964 3320 1039 3370 suae
1053 3304 1220 3371 intuitione.

108 3395 292 3478 Dispositio,
310 3396 360 3460 ius
375 3400 424 3461 est
435 3393 658 3477 permutandi,
676 3393 913 3469 alienandi-rel
929 3391 1223 3477 quomodocumque

110 3484 145 3549 dc
159 3502 197 3549 re
217 3500 273 3548 sua
291 3482 491 3567 disponendi.
508 3484 561 3549 lus
576 3483 662 3566 quod
677 3482 908 3564 descripsimus,
925 3483 1105 3559 subtantiam
1129 3501 1181 3548 res
1195 3484 1225 3547 i-

111 3589 174 3653 psa,
192 3573 343 3639 obiectiuc
358 3573 536 3660 proprietas
548 3572 824 3653 nuncupatur.1lla
838 3588 857 3635 a
873 3571 1093 3637 iurisdictione
1107 3571 1226 3654 longis·

110 3662 188 3726 sime
203 3661 316 3726 distat:
333 3661 490 3744 siquidem
506 3661 686 3726 iurisdictio
701 3660 902 3742 potissimmn
916 3660 956 3729 ad
966 3677 1114 3744 personas
1125 3660 1225 3726 reler-

113 3753 173 3825 tur,
189 3749 241 3813 uti
257 3752 390 3830 paterna
404 3751 455 3817 vel
470 3750 614 3832 politicas
631 3765 792 3832 nunquam
806 3760 881 3816 vero
897 3747 946 3813 ius
960 3748 1071 3815 utendi
1086 3752 1181 3831 etque
1192 3767 1226 3814 a·

113 3836 321 3904 hutendidioi
336 3833 455 3921 posset.
474 3840 556 3908 Nam
571 3838 714 3921 personis
728 3854 923 3922 praesumus,
940 3853 993 3902 aas
1007 3835 1146 3920 regimus
1163 3837 1225 3903 im·

114 3927 214 4007 perio,
232 3927 375 4010 proprios
390 3931 510 4005 autem,
524 3927 622 3996 veluti
631 3945 694 4005 ros,
708 3944 774 3993 norr
786 3926 936 3993 hebemus
946 3943 1005 3992 nec
1015 3925 1222 4009 possidemus.

187 4098 226 4174 (cl
241 4099 305 4158 lure
318 4099 469 4178 cadmei,
489 4103 554 4162 nilril
568 4101 680 4178 intelligi
691 4107 802 4176 praeter
814 4101 854 4161 rei
867 4071 1105 4174 consumptionem
1123 4108 1153 4159 et
1164 4101 1225 4175 qni·

116 4172 175 4232 dem
191 4190 242 4247 per
255 4179 454 4249 oppositionem
467 4178 503 4237 ad
516 4180 667 4250 'simplicem
685 4195 777 4252 usum,
792 4177 1011 4235 animadversum
1031 4182 1074 4235 est
1093 4176 1226 4235 aloanno

117 4249 187 4307 ΙΙΙΙΙΙ
202 4252 279 4325 (Cep.
294 4251 337 4310 od
354 4253 545 4322 Conditorem,
563 4255 612 4328 ill,
628 4254 664 4312 de
676 4255 752 4312 verb.
766 4255 908 4328 stpntfic.;
921 4254 991 4310 inter
1000 4249 1072 4309 illius
1085 4256 1225 4318 Emona„
1292 4269 1294 4275 ·

117 4325 157 4396 tit.
176 4327 229 4398 tt),
245 4333 352 4401 atquea
365 4328 485 4387 Toullier
499 4330 575 4404 (tom.
591 4331 641 4405 ill,
651 4347 680 4388 n.
691 4328 907 4402 stivalidusin
918 4329 987 4402 iure,
1005 4327 1057 4386 etsi
1067 4327 1225 4386 inhonestus

116 4401 455 4538 stultitiast*
469 4405 656 4538 ³⁰³⁸³b⁰i¹¹⁸³
671 4405 824 4538 mue-dit·
838 4401 1225 4536 “itttttttmi'iit

119 4567 269 4629 errorores,
284 4554 321 4614 de
335 4493 651 4635 lusttlztettnploerllfflfttl?
664 4495 778 4633 ῗξθοῐῗῃδθς
788 4495 857 4628 aopp.
873 4496 994 4631 trumo,
1008 4569 1037 4627 p.
1053 4520 1118 4612 2'52.
1133 4492 1150 4548 p
