3222 5282
439 316 480 377 la
885 329 977 376 innan
994 329 1015 376 r.

313 523 325 534 -
393 494 458 543 una
469 474 617 541 omnihus
636 472 766 558 praesit,
784 472 900 540 civium
915 480 1036 540 mentes
1049 473 1184 557 colligit,
1202 474 1309 542 firmat
1321 490 1357 540 ac
1372 475 1510 558 perlicit.

391 566 510 634 Contra
524 582 612 641 vero,
625 563 748 630 utilitas
757 563 966 644 singulorum,
982 581 1079 645 quum
1090 563 1258 645 multiplex
1267 563 1322 638 sit.
1336 568 1370 629 et
1381 565 1465 647 quod
1477 584 1513 631 a·

391 655 470 720 lium
485 653 623 720 delectat
636 667 729 736 saepe
743 651 837 718 alteri
848 657 973 727 noceat,
986 653 1183 734 singulorum
1194 653 1297 720 studia
1307 652 1465 719 distrahet
1475 655 1511 720 in

390 743 525 808 diversa:
536 744 618 831 uude
624 735 794 812 eoncordia
804 740 901 816 nulla,
912 741 979 805 imo
990 741 1140 818 iniuriae,
1148 743 1258 808 caedes
1268 760 1306 808 ae
1315 741 1509 820 bellaliine,

390 833 418 898 si
433 848 493 914 qua
508 849 584 914 gens
595 829 830 912 inaucnpandis
841 829 963 894 divitiis
975 830 1181 912 praefulgeat,
1196 849 1260 896 non
1271 831 1393 914 pariter
1402 833 1513 915 aequi-

391 926 470 987 tates
487 922 568 1004 apud
592 925 712 986 veteres
726 917 913 1002 Babylonia.
930 919 1051 984 Deinde
1067 920 1226 1001 frangitur
1239 921 1340 986 animi
1355 920 1413 996 vis,
1430 939 1513 1004 quae

391 1010 600 1093 temperantia
621 1015 655 1074 et
670 1007 864 1073 abstinentia
879 1006 1017 1073 maxime
1034 1011 1132 1090 viget,
1149 1027 1211 1092 qua
1224 1009 1360 1092 imperia
1374 1009 1443 1092 ipsa
1458 1029 1512 1075 ro-

390 1099 543 1164 borantur
557 1104 590 1164 et
605 1098 792 1162 clarescunt.
814 1096 961 1171 Domum,
980 1095 1061 1162 nihil
1084 1115 1247 1179 magnum,
1264 1099 1319 1163 sed
1336 1099 1512 1165 omniase-

391 1187 475 1253 nalia
489 1205 526 1252 ac
541 1187 645 1270 turpia
660 1186 694 1251 in
708 1184 902 1262 civitatibus,
919 1186 1014 1250 modo
1037 1187 1093 1252 illa
1114 1188 1211 1252 semel
1227 1185 1412 1261 invaserint,
1430 1205 1511 1270 quae

390 1276 453 1340 iam
477 1275 700 1356 praedicantur
715 1291 734 1338 o
748 1272 902 1354 pluribusz
922 1272 1069 1341 Goadem
1083 1281 1117 1342 et
1131 1275 1259 1353 helom
1272 1294 1330 1358 pro
1346 1276 1460 1358 quihus
1475 1295 1511 1341 o·

388 1365 529 1430 limeret
549 1363 603 1428 illa
628 1382 698 1437 vox.
715 1361 901 1444 sapientiae,
919 1365 1089 1447 aequitatis
1101 1378 1147 1430 ao
1167 1363 1368 1430 tortitudinis
1382 1381 1508 1448 parens:

389 1447 765 1537 Sustiaeetahstineio).
1120 1483 1124 1492 ·

478 1542 571 1608 lllll.
586 1540 766 1609 Stoicarum
785 1539 1006 1608 austeritatem
1026 1541 1091 1608 iam
1113 1557 1207 1616 nemo
1221 1540 1359 1624 appetit.
1375 1539 1438 1607 Sed
1455 1557 1511 1608 eo-

388 1648 459 1695 rum
470 1631 587 1714 satum,
599 1647 655 1695 seu
665 1630 754 1705 ordo,
767 1629 925 1712 seriesque
935 1647 1097 1696 causarum
1109 1648 1128 1695 e
1140 1634 1252 1696 natura
1264 1631 1376 1705 lluens,
1389 1630 1510 1696 instau-

387 1724 476 1785 ratur
490 1719 529 1784 ab
545 1719 598 1796 ils,
615 1719 670 1802 qui
686 1718 797 1784 mundi
812 1737 937 1784 cursum
952 1724 986 1786 et
1002 1719 1101 1784 libera
1113 1719 1280 1783 hominum
1292 1717 1387 1794 lacte,
1403 1737 1510 1785 neees-

386 1809 502 1874 sariam
513 1813 546 1874 et
558 1807 792 1874 ineluctabilem
805 1813 936 1874 naturae
947 1809 1160 1877 evolutionem
1171 1823 1208 1872 ae
1218 1825 1420 1890 progressum
1429 1825 1510 1872 nun-

385 1914 481 1977 quam
491 1895 672 1961 deluturum
678 1895 875 1962 existimant.
887 1897 1004 1978 Legem
1016 1893 1325 1964 nullamhominibus
1335 1897 1444 1962 datam
1454 1915 1510 1962 au-

388 1988 526 2059 tumant,
545 1983 607 2049 nisi
623 1984 724 2060 illam,
742 2000 804 2065 qua
823 1984 957 2050 mundus
974 1985 1130 2070 physicus,
1149 1984 1289 2068 plantae,
1308 1986 1401 2050 bruta
1417 1989 1452 2052 et
1467 1988 1510 2052 si·

386 2071 460 2139 dera
469 2072 692 2138 continentvr.
706 2073 812 2139 Homo
825 2074 1039 2155 praestantius
1053 2074 1181 2158 quidem
1193 2073 1325 2150 animal,
1342 2073 1398 2138 sed
1408 2094 1506 2157 quarm

386 2159 429 2226 sit
445 2165 577 2227 naturae
598 2179 681 2244 pars,
699 2160 733 2236 in
750 2165 895 2228 naturam
916 2162 1016 2248 ipsam
1031 2175 1242 2237 reversurum,
1259 2166 1296 2228 at
1312 2179 1426 2228 novam
1442 2165 1509 2229 ior·
1566 2219 1571 2232 .

383 2266 472 2316 mam
488 2269 507 2315 a
523 2254 636 2316 natura
649 2250 797 2333 accipiat,
814 2250 849 2314 in
864 2251 941 2315 elias
956 2257 1051 2335 atque
1065 2252 1143 2318 alias
1158 2251 1273 2317 deinde
1287 2267 1445 2318 evasumrs.
1462 2255 1505 2319 lli

355 2363 359 2372 ·
388 2338 557 2414 lamissone,
576 2338 624 2404 vel
640 2337 856 2413 naturalistae‚
873 2339 1046 2423 aliquando
1067 2341 1300 2414 rationalistae‚
1317 2342 1365 2406 vel
1378 2337 1506 2407 demean

388 2428 586 2522 pantheistae
601 2428 812 2512 appellantur:
833 2429 1020 2496 refellentur
1035 2447 1110 2495 vero
1129 2427 1311 2495 camaliam
1332 2429 1434 2511 legem
1452 2450 1509 2496 en-

463 2589 503 2664 ta)
516 2591 566 2661 Qui
579 2592 621 2648 ius
633 2605 667 2646 ex
681 2589 807 2660 utilitate,
818 2589 965 2650 utilitatem
977 2607 1011 2649 ex
1025 2590 1164 2664 voluptate
1179 2589 1369 2666 dimetiuntur,
1384 2591 1506 2652 mauo-

385 2669 428 2724 rii
442 2665 482 2724 vel
493 2669 636 2728 sensisme
646 2666 710 2724 dicti
720 2672 793 2724 aunt.
807 2667 949 2739 Bentham,
960 2666 1152 2724 utilitariorum
1164 2673 1284 2742 systema
1295 2666 1366 2724 iuter
1376 2683 1442 2724 suos
1452 2686 1506 2728 noa

386 2743 549 2813 excogitavit
561 2742 677 2812 primus,
693 2739 742 2797 sed
757 2739 822 2798 illud
842 2742 945 2799 invenit
964 2757 997 2799 ac
1016 2742 1175 2813 descripsit.
1191 2739 1271 2814 hpud
1285 2757 1345 2813 nos,
1361 2742 1387 2798 iu
1403 2747 1507 2802 sensis·

386 2831 461 2872 mam
475 2816 598 2888 dilapsas
611 2822 655 2872 est
667 2815 752 2888 diois,
768 2819 904 2874 peccavit
921 2819 1096 2890 llomagnosi.
1117 2816 1217 2874 Conier
1235 2816 1381 2888 luparelli,
1397 2821 1507 2896 ‹iogpto

384 2895 493 2948 teorico
505 2891 537 2949 dt
554 2891 660 2949 dlrttto
672 2891 827 2966 amaraco,
843 2899 915 2962 part.
931 2894 954 2960 l,
969 2900 1026 2950 not.
1042 2894 1088 2962 ill,
1101 2893 1161 2966 vib
1182 2891 1293 2966 Nepoti
1309 2892 1392 2964 1851,
1410 2898 1507 2954 erudi·

271 3027 276 3048 .
384 2974 444 3023 tum
458 2981 538 3040 epus.
550 2967 680 3024 inoffenso
694 2964 764 3037 pede
774 2966 989 3039 sucurrendum,
1001 2969 1028 3026 in
1039 2983 1094 3042 quo
1104 2981 1156 3026 nec
1166 2966 1339 3042 modestiam,
1349 2975 1400 3025 ‘nec
1411 2983 1506 3029 rerum

385 3043 492 3114 copiam
505 3047 535 3100 et
546 3043 711 3115 gravitatem
725 3041 878 3102 desideres.
920 3055 925 3064 ·

460 3120 497 3176 be
510 3117 657 3178 Beatharm
670 3118 738 3176 baec
751 3118 880 3192 paucula,
895 3117 1010 3176 ethnicis
1029 3117 1095 3189 ipsis
1107 3117 1274 3176 execranda:
1292 3141 1304 3170 e
1322 3119 1334 3175 l
1347 3120 1506 3182 sentimenti

386 3193 474 3252 eterni
493 3191 528 3252 ed
542 3191 701 3252 irresistibili
717 3193 762 3253 del
775 3193 910 3266 piaoeree
928 3193 974 3253 del
987 3193 1093 3267 dolore,
1108 3199 1180 3252 sotto
1194 3191 1326 3264 l’impero
1341 3191 1385 3250 de’
1391 3195 1466 3267 quali
1481 3197 1507 3256 la

386 3277 485 3327 natura
499 3269 533 3326 ha
546 3276 625 3344 posto
639 3267 749 3343 l’uomo,
765 3285 833 3325 sono
846 3270 854 3327 i
868 3268 922 3327 duc
935 3269 1033 3328 motori
1047 3269 1072 3325 ai
1085 3267 1158 3342 quali
1172 3267 1316 3328 dohhiamo
1329 3274 1400 3326 tutte
1414 3269 1440 3328 le
1454 3288 1507 3330 no·

387 3351 445 3402 stre
457 3345 527 3418 idae,
542 3342 613 3402 tutti
627 3347 712 3402 nostri
725 3342 835 3417 gindei,
850 3351 921 3418 tutte
933 3345 960 3402 le
974 3344 1195 3402 determinationi
1208 3343 1282 3402 della
1292 3350 1384 3402 nostra
1399 3355 1502 3406 mente.

386 3445 425 3463 -
434 3419 510 3475 colui
524 3421 575 3476 che
588 3418 721 3490 pretende
734 3421 859 3475 eottrarsi
871 3434 887 3475 a
898 3426 996 3491 questa
1007 3421 1168 3492 soggezione
1181 3434 1235 3477 non
1249 3435 1281 3476 ea
1290 3420 1341 3478 ebe
1355 3419 1378 3476 si
1390 3419 1505 3479 dica.-

385 3494 510 3566 Aquesti
524 3494 679 3550 sentimenti
698 3491 749 3549 dee
765 3491 891 3564 dirigeret
904 3492 930 3551 lo
943 3493 1033 3552 studio
1046 3494 1092 3551 del
1106 3495 1246 3553 moralista
1259 3510 1275 3553 e
1287 3493 1332 3553 del
1347 3495 1506 3567 legislatore

386 3571 532 3640 lllaltuti
543 3567 575 3624 ot
585 3567 781 3640 lepestoetooe,
796 3572 817 3621 t.
834 3568 856 3637 l,
871 3582 899 3623 c.
918 3570 943 3642 l,
958 3584 1020 3641 pag.
1037 3568 1305 3643 353Napoli,l818l.
1321 3571 1415 3641 »Quid
1432 3573 1506 3632 ultra

383 3641 619 3714 Fpiourusiliioo:
631 3642 769 3714 alipicuro
783 3640 842 3697 solo
854 3641 895 3699 m
904 3642 940 3716 gli
956 3642 1056 3702 antichi
1066 3645 1099 3702 ha
1110 3644 1126 3702 il
1138 3646 1235 3704 merito
1245 3643 1336 3706 d‘aver
1344 3649 1505 3706 oouoaciuta

387 3718 413 3774 la
427 3733 488 3776 vera
500 3723 627 3788 vergente
640 3715 712 3776 della
727 3715 828 3774 morale
843 3715 934 3790 libid,
950 3734 978 3776 c.
991 3723 1019 3792 b,
1030 3734 1058 3790 p.
1069 3718 1126 3790 ⁶⁴l·
1145 3741 1157 3772 v
1173 3721 1307 3795 Egregius
1321 3719 1505 3783 scilieetcivi·

387 3794 469 3852 litatis
482 3806 656 3866 progressus,
672 3806 727 3864 qap
742 3791 776 3850 ad
789 3792 901 3864 Epicuri
914 3791 1003 3856 latum
1016 3794 1227 3856 revolveremus!

459 3867 574 3928 Civilem
589 3866 631 3926 vel
645 3865 785 3942 politicum
799 3868 976 3945 sensianum,
990 3885 1025 3932 ex
1038 3868 1261 3942 pbilosophorum
1274 3869 1386 3946 scholis,
1402 3871 1504 3932 bachio

385 3948 415 4000 et
427 3940 584 4000 Condillaco
597 3941 799 4014 praeeuntibus,
813 3943 885 4014 apud
905 3945 987 4002 italos
1001 3953 1092 4002 ortum
1105 3945 1281 4002 arbitramur.
1297 3936 1338 4003 lix
1351 3946 1419 4004 idola
1431 3950 1504 4006 enim

384 4019 518 4090 aetiopes,
532 4033 565 4076 ex
576 4017 743 4092 philosophia
757 4019 1009 4096 noctemandato,
1025 4019 1059 4081 de
1073 4019 1186 4082 disiecto
1200 4020 1385 4096 philosophico
1401 4025 1505 4082 sensis·

385 4109 442 4166 rao,
456 4093 636 4167 gratulabatur
658 4093 885 4168 admonuerit,
902 4095 1008 4157 ltaliam
1023 4095 1176 4170 principem
1190 4095 1316 4156 habuisse
1329 4095 1503 4170 philosopho·

377 4183 458 4239 rura,
472 4167 632 4254 deditium
645 4169 694 4242 qai
707 4169 729 4230 ai
743 4169 851 4244 integra
859 4170 955 4240 luisset
965 4170 1102 4232 lectorum
1112 4182 1200 4245 meos,
1210 4177 1317 4244 pestem
1327 4171 1402 4234 illam
1413 4189 1429 4230 c
1440 4174 1504 4244 pbi-

383 4243 527 4316 losophicis
540 4251 568 4304 et
580 4245 705 4306 civilibus
718 4244 867 4318 disciplinis
881 4246 1025 4310 arcuisset.
1039 4245 1158 4308 consule
1172 4247 1243 4310 iuter
1252 4249 1415 4319 eiueopera:
1432 4251 1504 4312 Ori·

383 4323 452 4392 pene
472 4318 520 4380 del
541 4335 623 4382 senso
643 4317 756 4382 mente
768 4347 807 4373 m
820 4324 962 4384 Diaconos
980 4319 1215 4397 philosophique
1236 4339 1289 4386 aar
1308 4321 1453 4384 t'bmame
1464 4351 1504 4386 v

384 4395 536 4454 L'lromme
548 4413 615 4454 sous
624 4394 658 4453 lo
667 4394 708 4453 lot
721 4402 775 4455 ete.
791 4397 823 4452 ln
837 4397 945 4454 cunctis
959 4395 1069 4454 Gordilii
1082 4397 1210 4470 operibus
1223 4398 1368 4460 wesaums
1381 4399 1463 4458 babet
1477 4401 1501 4456 l·

384 4469 531 4546 talagens,
549 4470 674 4545 quaeret
697 4471 914 4546 oontemserit,
930 4469 972 4534 rel
992 4470 1208 4547 alienigenarum
1227 4473 1349 4549 lmgibas
1368 4474 1448 4534 nimis
1462 4475 1502 4532 in·

383 4550 469 4621 tenta,
484 4563 538 4606 non
552 4548 616 4606 satis
627 4547 775 4622 exquisivit.
