3228 5280
426 296 492 362 272
859 317 1017 368 uorans.

382 459 480 526 tradit
490 453 611 541 Sclplor
623 478 641 519 o
654 457 746 526 Licet
757 460 843 528 enim
855 462 1000 529 lascivire
1011 462 1092 528 dum
1099 458 1179 526 nibil
1188 463 1323 536 metum,
1337 459 1507 532 utinnari

381 566 418 612 ac
437 565 533 630 saepe
544 547 643 614 etiam
661 549 695 612 in
712 551 824 616 morbo
839 552 914 618 levi.
931 552 994 619 Sed
1008 557 1045 618 ut
1059 552 1118 616 ille
1128 549 1183 636 qui
1199 548 1338 632 navigat,
1359 567 1438 616 curn
1453 569 1509 615 su-

382 637 452 706 bito
466 653 554 704 mare
567 637 677 720 eoepit
691 638 888 715 horrescere,
902 646 936 707 et
950 640 1005 707 ille
1016 658 1113 724 aeger
1121 641 1362 722 ingravescente
1372 639 1507 718 morbo,

377 727 476 792 unius
490 743 584 809 opem
601 726 766 810 implorat:
784 730 830 795 sic
846 736 956 796 noster
969 731 1103 814 populus
1118 730 1151 794 in
1167 745 1243 812 pace
1254 730 1384 794 etdomi
1401 729 1509 810 impe·

383 820 434 881 rat
449 821 482 880 et
498 815 578 896 ipsis
595 817 832 898 magistratibus
845 819 1000 895 minatur,
1017 814 1153 892 recusat,
1171 817 1321 900 appellat,
1332 825 1505 898 provocem

384 904 514 970 inbello
526 905 572 970 sic
584 912 676 987 paret
689 912 726 971 ut
736 909 817 989 regi:
828 908 912 974 valet
920 908 1007 974 enim
1021 907 1103 973 salus
1115 909 1185 994 plus
1196 923 1289 986 quam
1298 907 1414 972 libido.
1426 905 1508 973 Gra-

385 993 523 1072 uioribus
539 1012 614 1060 vero
629 994 731 1068 bellis,
750 996 848 1062 etiam
863 996 933 1062 sine
948 998 1080 1078 collega,
1098 1003 1192 1062 omne
1207 995 1380 1076 imperium
1397 998 1505 1060 nostri

385 1093 481 1164 penes
504 1082 644 1166 singulos
660 1102 727 1148 esse
743 1081 923 1160 voluerunt,
942 1105 1076 1171 quorum
1092 1088 1196 1168 ipsum
1214 1101 1328 1149 noman
1348 1085 1417 1148 vim
1432 1103 1507 1148 snae

385 1173 552 1255 potestatis
562 1169 564 1180 “
575 1173 708 1238 indicat.
725 1175 808 1240 Nam
825 1175 965 1240 dictator
979 1175 1106 1256 quidem
1122 1174 1160 1238 ab
1175 1173 1412 1254 coappellatur
1431 1175 1506 1257 quia

385 1261 515 1338 diuitum
533 1263 587 1327 sed
603 1261 644 1326 in
654 1262 772 1328 nostris
790 1264 878 1333 libris
894 1264 1073 1337 videseum,
1084 1262 1381 1342 Laeli,magistrum
1394 1264 1506 1345 populi

161 1361 184 1430 ll
209 1357 267 1414 Cic.
285 1399 292 1421 ,
323 1358 365 1412 De
385 1351 538 1432 appellari
557 1351 598 1430 1).
620 1353 772 1423 »Revera
789 1373 806 1412 α
824 1371 910 1418 nono
926 1369 1010 1416 anno
1025 1357 1094 1436 post
1110 1369 1200 1432 reges
1211 1356 1349 1424 exactos,
1366 1368 1442 1415 cum
1455 1371 1509 1432 ge-

18 1461 19 1472 *
142 1440 226 1511 nep,
240 1435 261 1505 Ι,
278 1435 325 1487 ⁴⁰·
387 1455 444 1510 ner
465 1441 643 1525 Tarquinii,
663 1442 701 1505 ad
718 1441 870 1506 iniuriam
886 1441 987 1506 soceri
1002 1441 1235 1528 uindicandam,
1253 1439 1420 1522 ingentem
1443 1444 1508 1506 col·

387 1527 516 1610 legisset
530 1531 719 1604 exercitum,
738 1531 819 1612 nova
833 1533 955 1597 Romae
969 1530 1108 1611 dignitas
1122 1535 1170 1594 est
1181 1533 1298 1603 creata,
1310 1545 1394 1611 quae
1406 1530 1508 1596 dicta-

162 1633 188 1703 2)
215 1631 330 1699 Europ.
357 1670 366 1700 ,
388 1622 458 1681 tura
473 1618 666 1702 appellatur,
683 1619 787 1684 maior
801 1638 897 1704 quam
913 1619 1094 1685 consulatus
1108 1617 1151 1700 ἓ).
1172 1642 1189 1682 »
1209 1617 1380 1683 Adeonon
1404 1637 1509 1708 popu-

140 1711 224 1763 Brea.
261 1707 365 1762 tiator·
390 1707 449 1781 lus,
466 1727 530 1774 non
545 1716 682 1787 senatus,
702 1710 832 1773 seduna
849 1727 937 1773 mens
952 1726 1075 1789 unaque
1091 1725 1201 1771 manus
1212 1705 1330 1770 labenti
1346 1710 1508 1775 succurrit

140 1786 238 1855 Rom„
263 1779 296 1837 od
322 1795 365 1836 ³¹¹·
389 1796 537 1878 imperim
557 1798 640 1882 quod
652 1797 744 1863 Livio
759 1815 884 1880 ¹quoque
900 1795 1331 1877 animadversumzclrepidi
1341 1795 1458 1864 Patres
1469 1799 1507 1861 ad

141 1860 207 1914 ²⁵³·
388 1903 546 1950 summum
559 1886 713 1951 auxilium
725 1887 911 1962 decurrunt,
929 1885 1121 1950 dictatorem
1132 1885 1195 1949 dici
1208 1885 1320 1966 placet.
1330 1883 1508 1952 Dictatoris

163 1985 229 2054 all,
240 1984 368 2040 l,iv.vl.·
389 1973 529 2038 edietum
550 1983 609 2055 pro
625 1975 756 2039 numine
770 1992 894 2057 semper
910 1975 1107 2039 observatum
1124 1971 1167 2056 3).
1188 1997 1205 2036 »
1226 1973 1311 2054 Ergo
1327 1975 1444 2055 populi
1459 1994 1511 2039 sa«

141 2063 251 2135 Dionys.
264 2059 365 2132 autre,
387 2061 437 2146 lus
452 2061 490 2124 in
503 2063 592 2143 regia
607 2064 656 2127 vel
671 2064 706 2126 in
723 2064 893 2130 dictatoria
908 2065 1036 2128 demum
1052 2065 1256 2128 auctoritate.

140 2139 170 2192 V·
329 2197 332 2204 ,
482 2150 542 2215 lx.
561 2153 703 2216 Tandem
718 2153 934 2218 rem-conticit
948 2152 1066 2234 Scipio,
1087 2171 1127 2216 ex
1143 2151 1305 2216 effectibus
1319 2151 1506 2232 popularem

316 2233 322 2244 ‘
388 2236 554 2303 libidinem
566 2238 758 2321 describens:
771 2242 829 2308 «Si
845 2241 970 2322 quando
985 2247 1041 2305 aut
1057 2241 1125 2322 regi
1141 2240 1226 2304 iusto
1238 2238 1450 2322 vimpopulus
1462 2246 1508 2308 at·

387 2327 690 2410 tulerit-regnoque
707 2349 780 2394 eum
795 2331 958 2413 spoliavit3
977 2331 1158 2394 autetiam:
1177 2329 1209 2392 id
1218 2329 1302 2411 quod
1314 2330 1427 2393 evenit
1442 2349 1508 2394 sae·

387 2416 471 2497 pius,
495 2418 699 2499 optimatium
715 2419 900 2500 sanguinem
919 2418 1067 2500 gustavit,
1086 2435 1122 2482 ae
1142 2423 1242 2482 totam
1261 2419 1507 2498 rempublicam

391 2611 475 2658 mam
491 2613 558 2660 esse
570 2603 705 2675 tantam,
716 2615 811 2679 quam
824 2615 887 2660 non
895 2597 1017 2678 iacilius
1025 2596 1068 2660 sit
1079 2596 1199 2669 sedare,
1210 2612 1304 2676 quam
1317 2593 1508 2660 effrenatam

162 2698 188 2770 tl
215 2699 296 2768 cie,
326 2701 368 2755 ne
389 2682 559 2751 insolentia
576 2687 812 2751 multitudinem
828 2682 873 2768 l).
894 2708 911 2747 r>
927 2685 1050 2750 Deinde
1059 2683 1426 2760 disertissimamlaudat
1436 2684 1508 2750 Pla·

144 2778 225 2847 lup,
243 2776 264 2846 l,
280 2777 326 2831 la.
389 2773 475 2838 tonis
491 2775 698 2849 sententiam,
716 2774 916 2857 popularium
931 2773 1184 2839 commotionum
1200 2771 1369 2836 historiam
1383 2772 1509 2836 velelli-

388 2862 473 2942 giem
488 2863 707 2928 describentis:
717 2884 745 2923 .«
762 2862 842 2928 Cum
854 2862 1086 2944 euim,''inquit,
1098 2861 1306 2943 inexplebiles
1316 2860 1429 2942 populi
1438 2861 1507 2925 lau-

388 2968 440 3014 ees
456 2958 647 3017 exaruerunt
664 2951 821 3017 libertatis
836 2951 903 3034 siti,
923 2951 1075 3033 malisque
1090 2969 1161 3036 usus
1178 2948 1234 3014 ille
1250 2948 1422 3024 ministris,
1442 2968 1506 3014 non

389 3040 512 3104 modice
528 3045 737 3122 temperatam
752 3041 806 3104 sed
824 3040 918 3105 nimis
934 3057 1093 3104 meracam
1109 3039 1289 3103 libertatem
1303 3036 1419 3101 sitiens
1431 3037 1509 3101 bau·-

388 3131 479 3205 serit;
497 3133 564 3194 tum
578 3129 783 3210 magistratus
799 3133 832 3194 et
846 3129 1017 3212 principes,
1036 3128 1097 3193 nisi
1114 3127 1202 3192 valde
1218 3126 1303 3190 lenes
1320 3127 1353 3191 et
1378 3125 1507 3190 remissi

388 3217 467 3291 sint,
485 3224 518 3283 et
530 3219 617 3299 large
630 3218 690 3283 sibi
709 3218 887 3282 libertatem
904 3217 1099 3291 ministrent,
1118 3216 1307 3298 insequitur,
1323 3213 1504 3290 insimulat,

389 3307 508 3388 arguit;
526 3313 758 3390 praepotentes,
776 3311 1048 3390 reges‚tyrannos
1061 3311 1162 3370 vocat.
1176 3329 1194 3367 o
1207 3303 1313 3369 Prima
1325 3301 1404 3366 haee
1421 3303 1509 3368 inso-

389 3395 506 3460 lentiae
521 3397 662 3471 exordia,
676 3414 717 3464 ax
730 3395 875 3469 Platone:
890 3396 972 3459 un‘de
987 3395 1043 3460 illa
1057 3399 1245 3476 sequuntur:
1266 3413 1285 3452 (ι
1301 3392 1365 3457 Eos
1377 3392 1434 3473 qui
1447 3408 1506 3474 pa-

389 3490 479 3550 reant
495 3481 690 3566 principibus
697 3483 814 3566 agitari
827 3485 866 3547 ab
878 3502 916 3548 eo
927 3483 1058 3566 populo,
1070 3488 1102 3548 et
1111 3499 1218 3546 servos
1234 3481 1434 3546 voluntarios
1451 3498 1507 3564 ap-

390 3572 518 3652 pellari;
532 3591 586 3637 eos
601 3579 707 3638 autem
723 3572 823 3656 quiin
837 3574 1023 3654 magistratu
1036 3572 1233 3653 privatorum
1245 3570 1364 3634 similes
1372 3587 1443 3634 esse
1456 3588 1509 3634 ve·

390 3661 463 3734 lint,
481 3678 596 3744 eosque
611 3663 752 3742 privatos
767 3661 822 3745 qui
834 3662 971 3742 efficiant
984 3679 1025 3726 ne
1036 3659 1206 3743 quidinter
1217 3660 1377 3742 privatum
1390 3663 1424 3723 et
1438 3675 1507 3722 ma-

386 3749 556 3829 gistratum
564 3750 818 3826 differat,lerunt
828 3750 970 3815 laudibus
976 3755 1009 3814 et
1021 3754 1162 3815 mactant
1173 3746 1359 3812 bonoribus.
1374 3747 1500 3818 oldest,

389 3837 582 3902 adulatorius
595 3845 699 3920 atque
714 3839 887 3903 imbecilles
903 3839 1105 3920 magistratus
1121 3836 1228 3918 diligit
1246 3835 1395 3918 populns,
1413 3840 1450 3900 ut
1464 3836 1504 3899 li-

389 3925 530 3990 centiosa
546 3926 615 4007 ipse
630 3928 748 3991 exultet
765 3926 925 3994 libertate:
945 3948 962 3987 a
981 3927 1024 3994 Ut
1040 3941 1165 3992 necesse
1179 3925 1222 3990 sit
1234 3925 1437 3990 ineiusmodi
1453 3942 1505 3988 re-

390 4014 513 4097 publica
529 4015 622 4096 plena
638 4014 797 4080 libertatis
813 4016 1020 4092 esse·omnia;
1036 4019 1073 4080 ut
1088 4019 1121 4080 et
1134 4015 1256 4102 privata
1269 4013 1382 4078 domus
1398 4011 1505 4100 omnis

389 4103 720 4174 emet-dominatione:
729 4109 762 4168 et
772 4104 833 4170 hoe
846 4106 963 4170 malum
975 4121 1073 4187 usque
1084 4104 1124 4167 ad
1132 4102 1431 4185 bestiasperveniat.
1441 4101 1506 4167 lle·

389 4193 486 4276 nique
501 4199 537 4260 ut
552 4197 644 4274 pater
659 4191 759 4275 lilium
775 4198 907 4258 metuat:
926 4199 1016 4276 pater
1027 4192 1127 4256 lilium
1139 4190 1289 4274 negligat:
1303 4188 1506 4256 absitomnis

388 4284 503 4366 pudor,
515 4287 549 4347 ut
564 4281 658 4364 plane
673 4279 765 4343 liberi
780 4280 948 4346 sintznibil
960 4281 1092 4346 intersit
1107 4281 1185 4346 civis
1199 4281 1242 4346 sit
1254 4279 1504 4364 anperegrinus:

389 4373 542 4454 magister
557 4376 592 4436 ut
604 4367 773 4454 discipulos
788 4373 909 4434 metuat
926 4374 959 4435 et
974 4370 1014 4435 iis
1026 4370 1219 4444 blandiatur,
1230 4373 1446 4452 spernantque
1458 4367 1506 4430 di-

388 4462 500 4545 scipuli
517 4458 697 4541 magistros:
716 4458 930 4522 adolescentes
945 4465 980 4524 ut
994 4475 1105 4523 senum
1116 4457 1177 4522 sibi
1193 4457 1315 4540 pondus
1322 4456 1504 4530 adsumant,

388 4567 477 4618 senes
489 4555 594 4617 antem
611 4548 648 4612 ad
660 4546 771 4612 ‘ludum
787 4543 1036 4615 adolescentium
1052 4547 1256 4622 descendant,
1276 4563 1316 4610 ne
1330 4545 1396 4611 sint
1415 4543 1458 4609 iis
1472 4562 1506 4608 o-
