3224 5282
398 311 461 378 ild
834 335 978 386 omunia.
996 357 1014 412 '.

351 431 455 544 betur.
473 479 563 545 Atius
584 479 737 559 hostium,
754 483 810 548 sed
829 501 927 568 quum
949 481 1034 566 Sylla
1048 488 1154 550 terras
1171 485 1298 549 civium·
1312 488 1472 556 militibus

300 623 304 630 .
351 567 461 633 inisset
472 568 671 651 dispertitus,
681 573 786 646 omnis
796 572 911 638 deinde
921 573 1101 640 coniuratio
1112 573 1146 638 iu
1160 573 1386 642 civiumrcset
1398 597 1473 661 per-

350 671 442 722 sonas
456 659 576 726 Romae
591 667 661 729 aeta
676 660 763 746 init(
783 659 806 744 ).
905 697 911 712 ·

699 961 986 1090 oldoinus
1033 965 1123 1044 VIII.
1187 1040 1196 1058 ,

500 1142 732 1195 adoraremus
746 1141 840 1192 vices
855 1142 877 1190 Α
891 1133 1039 1194 ments
1053 1143 1160 1203 USQUE
1176 1143 1223 1194 ln
1238 1147 1311 1199 NOS.

429 1293 451 1351 l.
466 1294 556 1350 Novae
569 1289 706 1346 societatis
725 1289 835 1346 exordia
847 1288 874 1346 in
885 1287 1062 1347 'tendalismo
1078 1291 1113 1347 ll.
1126 1292 1173 1349 lus
1187 1293 1341 1369 tenderem,
1356 1299 1471 1374 eiusque

353 1369 552 1442 consequentia.
568 1366 616 1422 lllr
632 1366 710 1422 Fisco
721 1363 822 1422 teudali
841 1367 994 1437 proprietas
1013 1367 1231 1425 imminuebatur.
1247 1371 1291 1428 lv.
1313 1373 1470 1451 [unicipim

352 1452 381 1503 et
391 1443 571 1504 ‘monarchiae
582 1441 667 1502 initia.
682 1442 714 1498 V.
728 1440 844 1498 Nimium
858 1440 1028 1514 monarchiae
1042 1443 1095 1512 ios,
1110 1441 1254 1506 feudorum
1270 1451 1407 1520 exempto.
1422 1454 1469 1512 vl.

354 1519 611 1594 iurisconsultorum
625 1523 653 1573 et
665 1517 817 1587 principum
839 1516 982 1574 immodica
996 1533 1082 1576 mens.
1106 1519 1163 1576 vti.
1178 1521 1256 1576 Peior
1273 1523 1395 1598 andacia,
1417 1543 1472 1584 oo·

353 1598 426 1653 mine
441 1595 581 1653 libertatis.
596 1591 668 1650 vill.
684 1593 729 1648 lus
740 1592 913 1663 proprietatis
922 1593 1081 1650 coertitnra
1092 1595 1377 1673 ltontesouiemaq'uo
1388 1603 1472 1660 Com·

353 1674 532 1729 munistarnm
546 1668 652 1726 schole.
668 1668 714 1725 tit.
731 1666 796 1724 lnde
813 1669 987 1725 Contractus
999 1668 1135 1727 incidis.
1149 1671 1183 1727 X.
1195 1669 1296 1728 Eadem
1307 1673 1472 1736 doctrinain

353 1748 468 1806 comitiis
488 1746 603 1820 gallicis,
618 1745 681 1801 anni
698 1742 785 1816 li8b,¹
795 1743 843 1799 xl.
857 1750 885 1801 et
897 1747 911 1799 -t
921 1745 984 1800 792.
1000 1744 1060 1800 xil.
1080 1748 1166 1814 Quam
1183 1746 1338 1806 doctrinam
1353 1752 1472 1810 violenta

354 1823 537 1896 sequebantur
551 1821 702 1892 iatrocinia,
716 1835 786 1876 anno
804 1817 973 1886 tieesxtit.
988 1822 1079 1877 Virtus
1090 1820 1264 1892 republiceas
1277 1839 1293 1880 a
1301 1827 1472 1898 quibusdem

354 1901 380 1955 in
395 1899 573 1955 rusticitatem
587 1893 869 1953 conservantem
879 1885 1259 1966 Communistarom'duotibus
1272 1903 1410 1969 potentior
1420 1921 1472 1961 na·

353 1980 432 2030 turae
442 1989 503 2030 vor.
520 1973 576 2029 XV.
591 1972 665 2044 Ergo
679 1968 768 2026 solnm
782 1971 823 2027 ius
834 1969 991 2044 politicum
1003 1969 1163 2028 conceditur
1175 1973 1382 2044 imperantibus.
1398 1980 1469 2038 xvi.

352 2049 393 2106 lix
406 2050 465 2107 iure
479 2047 602 2122 politico,
615 2048 673 2125 iura
684 2045 773 2130 dnunt
783 2044 958 2103 tributorum.
974 2046 1054 2106 xvir.
1071 2048 1212 2106 llonitom.

440 2203 467 2267 1.
486 2202 629 2266 Romano
650 2197 787 2281 imperio
801 2198 919 2274 exciso,
944 2199 1103 2264 feliciores
1125 2200 1254 2279 civium,
1277 2203 1473 2289 plurimique

356 2291 569 2356 barbarorum
585 2287 689 2361 doces,
707 2292 815 2353 tentae
829 2287 1038 2353 molissslrusta
1059 2289 1121 2353 sibi
1136 2294 1352 2374 occupationis
1374 2294 1471 2376 titulo

354 2378 541 2444 babuerunt.
559 2377 637 2442 Inde
648 2373 775 2442 oa'stelln
790 2384 895 2456 enata,
911 2378 1053 2461 adquae,
1066 2378 1183 2444 eversis
1194 2381 1333 2459 urbibus,
1347 2385 1470 2465 plures,

429 2540 469 2616 to)
479 2541 550 2601 vide
564 2551 725 2615 namnetes,
740 2543 870 2600 Histoire
881 2537 964 2598 delo
975 2541 1123 2616 propriete
1132 2543 1200 2601 con
1211 2542 1254 2602 les
1266 2547 1422 2606 demtos.
1432 2574 1473 2593 -

352 2633 501 2690 rnornnrro,
514 2617 557 2675 do
569 2620 697 2691 Moeno,
710 2623 778 2674 tom.
796 2618 832 2688 l.‚
847 2633 876 2673 n.
893 2616 996 2690 313do
1009 2621 1088 2684 Pret,
1108 2617 1225 2688 prdiacc.
1241 2659 1246 2678 .

425 2695 512 2763 Licet,
529 2700 590 2764 post
602 2691 1045 2768 nongentesimae-dominium
1059 2694 1193 2761 concedat
1204 2695 1338 2768 Zallinger
1351 2695 1388 2770 (s.
1404 2696 1470 2772 171,

352 2774 409 2826 not.
420 2769 458 2842 2),
467 2765 614 2827 dommodo
626 2768 785 2826 admittatur
798 2769 946 2839 principem
960 2785 1012 2825 noo
1028 2784 1107 2839 posse
1121 2769 1263 2842 disponere
1276 2770 1312 2828 de
1325 2771 1403 2840 bonis
1414 2775 1473 2845 pri·

350 2850 484 2919 vatorum,
505 2845 554 2901 nisi
567 2844 601 2903 ob
615 2843 751 2916 publicam
765 2847 958 2900 necessitatem
975 2843 1019 2900 vel
1032 2843 1188 2914 utilitatem,
1205 2861 1237 2902 eo
1252 2853 1344 2903 tamen
1358 2847 1476 2906 deveni·

350 2935 411 2977 mus
424 2927 454 2976 ut
467 2920 546 2976 rerba
560 2917 700 2991 pensanda
713 2919 777 2992 sint,
794 2933 827 2975 ne
842 2934 935 2976 rernm
949 2919 1048 2976 limites
1060 2920 1271 2978 contundantur.
1280 2921 1391 2979 Nullum
1403 2940 1471 2997 ergo

349 2993 514 3067 reipublicae
527 2995 676 3053 dominium
684 2995 715 3050 io
726 3009 771 3050 rcs
785 2997 855 3051 sicut
866 3008 953 3068 neone
962 2995 988 3051 in
998 2997 1213 3066 persnoesdimc
1224 2997 1277 3053 atie
1283 2999 1473 3071 Scoeceepla-

350 3081 414 3129 cent
427 3071 517 3131 verba:
542 3090 554 3122 s
575 3072 672 3130 Omnia
690 3085 740 3126 rex
752 3073 876 3144 imperto
889 3070 1021 3142 possidet,
1037 3071 1135 3142 singuli
1147 3070 1279 3130 dominio
1294 3073 1353 3145 (De
1365 3077 1469 3150 ΒΜ.

355 3149 422 3213 Vll,
440 3146 478 3218 bl.
493 3147 573 3220 Regis
587 3162 654 3220 ergo
667 3147 819 3217 imperium,
834 3161 890 3202 nou
903 3147 1062 3204 dominium.
1079 3147 1147 3216 Item
1160 3164 1184 3203 s.
1198 3147 1325 3206 Thomas:
1339 3169 1352 3200 e
1367 3150 1479 3207 Verum

350 3223 479 3296 estquod
491 3225 582 3281 omnia
595 3234 659 3280 sunt
672 3221 823 3291 principum
834 3215 877 3286 od
883 3221 1116 3294 eadmundum,
1126 3239 1181 3279 non
1190 3221 1420 3284 adretineodum
1430 3225 1470 3281 si·

351 3297 388 3369 bi,
403 3298 444 3355 rel
458 3299 492 3356 ad
504 3298 640 3361 dandum
653 3295 711 3354 aliis
727 3318 739 3348 s
757 3295 905 3370 (Quodlib.
921 3296 982 3366 xit,
994 3304 1047 3354 art.
1063 3299 1111 3370 22,
1128 3298 1156 3354 in
1169 3298 1248 3366 tinet.
1263 3298 1367 3356 Eodem
1386 3315 1471 3357 senon

350 3367 504 3446 calceolos,
514 3374 606 3432 relatis
614 3375 733 3430 Senecae
748 3371 848 3444 verbis,
861 3371 946 3449 addit:
959 3373 1036 3430 «Nec
1048 3374 1120 3429 enim
1134 3388 1203 3445 qnae
1216 3378 1264 3431 toa
1277 3380 1352 3448 sunt,
1368 3377 1472 3446 princi-

351 3449 394 3518 pis
407 3451 620 3521 sunt3quonian1
632 3447 780 3504 dominium
794 3448 821 3502 in
834 3447 950 3504 solidum
960 3447 1076 3504 duorum
1090 3463 1152 3505 esse
1166 3465 1218 3506 noo
1233 3456 1335 3522 potest,
1351 3456 1379 3507 et
1392 3466 1472 3508 com·

351 3525 442 3580 munio
459 3525 565 3596 quoquo
585 3537 646 3580 esse
661 3524 733 3578 inter
747 3530 779 3578 tc
792 3529 820 3579 ct
833 3523 982 3593 principem
994 3525 1096 3580 dixerit
1109 3539 1190 3580 nemo
1203 3546 1215 3577 s
1233 3525 1410 3600 misereat„
1422 3527 1469 3583 lib.

353 3599 409 3669 XV,
424 3614 450 3654 c.
466 3603 514 3670 ³0,
528 3600 613 3671 oper.
629 3603 697 3654 tom.
707 3599 742 3670 tl,
755 3604 828 3669 pert.
843 3598 879 3671 11,
895 3597 949 3654 col.
964 3598 1042 3670 453).
1056 3601 1113 3656 Nec
1124 3599 1216 3672 aliter,
1226 3605 1334 3657 retento
1346 3595 1475 3661 dominii

351 3677 508 3749 eminentis
521 3681 548 3732 et
561 3676 806 3748 supereminentis
821 3674 935 3744 nomine,
951 3688 1009 3730 rem
1025 3673 1164 3746 explicant
1180 3675 1474 3748 Grotius,'Potendor-

352 3750 414 3822 dos,
428 3749 552 3807 Woltins.
569 3751 624 3807 Nos
639 3754 797 3807 tamennon
811 3747 959 3807 dominium
973 3749 1021 3807 scd
1037 3751 1182 3820 imperium
1202 3749 1246 3806 vet
1258 3751 1475 3810 administratio·

338 3839 415 3888 ,nem
428 3823 556 3902 libentius
570 3825 693 3882 dicemus
706 3839 769 3881 cum
786 3823 901 3881 Portalis
914 3831 942 3880 et
953 3826 1123 3898 lieonequin.
1138 3825 1264 3884 Portalis:
1284 3847 1296 3879 s
1312 3829 1353 3883 dn
1367 3828 1474 3903 citoyen

350 3901 507 3970 appartient
521 3899 714 3974 inpropriae,
728 3908 756 3956 et
767 3914 804 3956 au
817 3900 945 3955 sonorain
965 3898 1151 3974 dompne...
1168 3899 1314 3972 nemppe,
1328 3903 1374 3974 qui
1389 3908 1433 3959 est
1448 3902 1474 3961 le

353 3983 464 4048 pertago
478 3975 514 4032 du
528 3979 665 4049 sonamio,
675 3989 708 4031 ne
722 3976 855 4032 renterme
865 3985 969 4033 aucune
983 3975 1081 4033 iddede
1090 3977 1214 4034 demaine
1229 3985 1408 4047 proprement
1420 3978 1471 4036 dit.

353 4051 375 4108 ΙΙ
389 4052 507 4107 consiste
521 4053 697 4124 unionemeut
709 4050 779 4108 dans
791 4051 817 4108 la
831 4053 971 4122 puissancc
982 4050 1017 4108 de
1026 4067 1181 4125 gouverner
1193 4074 1205 4104 s
1216 4051 1304 4126 leode
1315 4059 1343 4110 et
1356 4055 1471 4130 metito,

353 4135 420 4186 tom.
436 4127 498 4197 lv.)
518 4126 689 4199 lieonequin:
710 4147 723 4178 o
741 4129 812 4183 bens
824 4125 851 4183 la
863 4127 1053 4198 dcpossession
1073 4143 1143 4198 poor
1156 4143 1239 4184 cause
1252 4124 1369 4194 dfutitite'
1384 4129 1475 4206 publi·

293 4215 300 4262 ·,
354 4217 418 4275 que,
434 4202 459 4259 le
473 4204 597 4258 souvroin
612 4202 639 4259 n’
645 4216 742 4259 exerce
756 4218 804 4273 pas
818 4217 854 4258 un
868 4202 941 4259 droit
954 4202 988 4259 de
1002 4201 1153 4274 proprietd,
1170 4203 1238 4260 mais
1252 4203 1269 4260 il
1283 4203 1329 4260 tait
1341 4219 1426 4278 usage
1439 4203 1476 4262 de

353 4294 385 4334 ce
398 4278 470 4335 droit
484 4274 610 4349 supreme
621 4276 944 4350 d’admtoistrctioo,de
955 4293 985 4334 oc
997 4276 1120 4339 domnine
1134 4277 1267 4352 eminent,
1276 4294 1339 4335 sans
1352 4277 1445 4352 lequel
1457 4277 1475 4337 il

354 4370 389 4410 ne
403 4361 470 4428 peut
483 4369 533 4426 pas
547 4353 695 4428 accomplir
708 4369 752 4410 scs
768 4351 874 4411 devoirs
888 4367 985 4409 covers
1003 4352 1044 4410 les
1056 4352 1220 4426 gouvernes.
1235 4355 1272 4410 Le
1286 4356 1411 4411 sauvrain
1425 4370 1474 4411 ex·

287 4449 290 4456 ·
353 4429 473 4502 proprie,
486 4445 591 4578 comme
605 4429 621 4487 il
635 4427 693 4486 levo
707 4428 748 4486 les
761 4428 861 4484 tribuis
876 4447 887 4478 o
899 4428 960 4502 lib.
970 4425 1189 4504 tempestuosos
1202 4435 1229 4486 et
1242 4428 1278 4486 'de
1285 4429 1473 4504 lorisprud:,

429 4582 478 4638 liic
488 4593 618 4640 romanae
632 4577 861 4653 iorisprndentiae
875 4594 984 4653 sensus,
997 4579 1129 4655 quidquid
1145 4579 1227 4640 verbs
1239 4579 1338 4638 ierant.
