3238 5282
563 299 790 394 ”serutatur
1054 411 1059 416 .
1147 315 1212 386 253

227 479 303 547 xit.
322 480 410 546 Dixi:
428 480 571 562 lepitinre.
590 478 675 560 Quid
690 481 730 545 de
747 480 933 563 illegitimo?
949 479 1136 548 Nomiueet
1152 483 1257 564 reipsa

135 569 317 634 damnatur:
336 574 384 634 est
397 568 484 632 enim
500 574 678 649 usurpatur.
696 571 849 636 Doctrina
865 569 904 633 de
919 569 1004 651 [orto
1014 575 1177 650 completo,
1193 587 1256 635 non

134 675 212 724 sane
227 659 327 739 magis
342 659 377 721 in
394 658 473 722 iuris
488 656 606 739 publici
621 675 716 738 quam
732 658 765 722 in
782 657 898 742 privati
913 657 1155 740 depraedatione
1170 666 1258 724 corri-

132 747 298 829 prohatur:
324 747 388 810 iarn
407 747 435 811 si
452 746 505 810 illa
523 747 557 809 in
578 747 773 827 privatorum
789 739 910 811 iuribus
931 746 1043 820 utaris,
1070 746 1206 812 latrones
1224 752 1258 813 et

133 852 248 900 omncs
262 837 409 900 scelestos
424 833 681 914 emollescunt
693 838 792 917 probe
806 835 950 902 sentiunt
970 835 1032 916 ipsi
1044 841 1256 919 usurpatores,

133 943 233 1007 quum
256 930 289 991 et
303 924 496 990 abhorreant
512 924 693 1002 anomine,
711 931 758 1001 et,
777 942 816 989 ne
833 942 896 989 uno
915 924 1194 1008 excepto,‚saltem
1218 944 1258 990 ex

3 1047 5 1088 ρ
135 1013 243 1096 populi
259 1014 434 1086 voluntate,
449 1012 625 1094 legitimam
640 1014 688 1077 sui
696 1013 854 1096 originem
865 1012 999 1096 probare
1011 1020 1179 1079 conentur.
1196 1013 1258 1081 Sed

2 1137 6 1180 ῃ
136 1101 615 1175 neciactionumris,nectotius
626 1100 1259 1185 populivoluntasestcumiureconiuu·

133 1191 1257 1273 dendaNumquidenirntotaestgenspauoorumcupiditas?Numquid

3 1263 4 1356 ,
134 1281 227 1344 exlex
241 1280 384 1362 populus,
395 1279 545 1360 omnique
561 1277 610 1342 rel
627 1281 762 1347 naturali
780 1281 828 1344 vel
850 1279 960 1344 divino
974 1280 1044 1344 iure
1055 1280 1258 1346 solutus‘lEr-

133 1385 177 1448 go
195 1367 226 1430 1.
239 1367 322 1432 nulla
338 1368 475 1452 raptoris
491 1367 676 1444 auctoritas,
687 1369 721 1432 in
735 1369 873 1434 terendis
887 1368 1006 1449 legibus
1018 1369 1065 1432 rel
1081 1369 1258 1450 gubernan-

134 1457 175 1520 da
190 1456 332 1521 civitate.
350 1458 385 1522 2.
399 1456 492 1524 Nulla
509 1456 539 1520 ei
552 1473 611 1535 per
622 1473 654 1522 se
665 1457 772 1523 debita
788 1457 982 1532 obedientia,
993 1475 1072 1543 quae
1084 1459 1258 1523 arrctorita·

136 1551 203 1611 tcm
218 1545 381 1627 supponit,
398 1545 492 1628 eique
512 1543 664 1611 retertur.
682 1543 716 1610 3.
733 1546 767 1614 Si
782 1547 889 1611 iubeat
904 1563 984 1628 quae
996 1545 1114 1628 publici
1127 1546 1191 1612 sint
1203 1564 1257 1610 or-

134 1633 232 1708 dinis,
251 1635 424 1717 parendnm
436 1638 583 1715 respectu
595 1635 719 1700 ordinis
738 1640 771 1700 et
787 1635 865 1701 boni
882 1636 1071 1708 communis,
1088 1635 1172 1716 quod
1187 1651 1258 1699 orn-

134 1723 264 1788 nimode
278 1723 476 1797 servandum,
491 1722 658 1790 deficiente
676 1727 831 1806 potestate
847 1724 936 1799 iuris,
954 1724 1066 1789 saltem
1083 1739 1100 1786 a
1116 1727 1257 1806 potesta·

135 1815 170 1877 tc
185 1811 272 1878 iacti.
291 1807 326 1877 d.
343 1811 614 1892 Quemadmodum
631 1830 699 1878 rem
714 1829 805 1877 suam
823 1817 966 1896 repetere
985 1829 1004 1876 a
1025 1811 1107 1888 iure,
1123 1829 1257 1894 eamque

134 1919 193 1984 per
209 1901 273 1966 vim
284 1899 382 1966 etiarn
399 1900 593 1974 abstrahere,
612 1900 736 1967 licitum
751 1906 847 1984 atque
864 1899 1053 1976 honestum,
1072 1901 1117 1967 ita
1132 1901 1256 1982 pariter

130 1989 290 2072 expellere
306 1993 538 2072 usurpatorem.
553 1990 585 2054 5.
603 1989 747 2054 Pericula
763 1995 874 2056 teman
887 1989 1101 2074 expendenda,
1116 1989 1257 2054 rationes

134 2082 169 2143 et
184 2077 298 2142 exitus.
309 2076 342 2141 6.
354 2078 502 2154 Demum,
519 2078 686 2144 accedente
702 2081 794 2161 longa
812 2078 967 2162 temporis
982 2078 1190 2153 successione,
1207 2083 1255 2144 at-

134 2183 198 2249 quc
206 2167 357 2248 explicito
367 2165 583 2249 relimpiicito
592 2165 704 2250 populi
713 2177 877 2242 consensu,
886 2185 984 2250 quum
993 2183 1117 2235 noemae
1128 2167 1255 2232 sitcon·

132 2259 220 2322 stare
231 2255 377 2338 imperia,
394 2256 442 2320 uti
458 2255 583 2338 reliqua
596 2256 752 2333 dominia,
770 2255 798 2324 si
814 2261 983 2340 usurpator
1006 2255 1053 2321 rel
1068 2255 1160 2320 hores
1183 2271 1251 2321 rem

132 2342 293 2426 publicam
308 2361 406 2428 aeque
421 2351 454 2412 et
470 2345 592 2412 utiliter
607 2350 708 2426 gerat,
725 2346 781 2412 ille
797 2345 924 2412 tandem
939 2345 988 2412 ius
1004 2344 1186 2426 legitimum
1198 2360 1252 2408 aa·

132 2433 253 2514 quiret,
274 2433 402 2499 ratione
417 2434 560 2518 publicae
580 2434 743 2511 utilitatis,
759 2435 866 2516 sicque
880 2434 940 2500 lllo
954 2435 1144 2500 decernente
1162 2431 1252 2498 cuius

133 2525 209 2587 suot
221 2521 330 2586 omnia
346 2523 428 2599 iura,
442 2527 475 2588 et
490 2523 579 2588 ouius
595 2529 675 2589 nutu
687 2521 1080 2614 transferunturrimperia.¹
1195 2605 1198 2610 Ι

125 2661 127 2664 -
220 2609 313 2676 xiil.
331 2613 383 2677 lus
395 2611 502 2693 itaque
514 2613 656 2678 naturale
667 2611 1206 2693 etdirinum,qnodpropugnamus
1218 2610 1251 2676 in

129 2698 326 2780 principatu,
345 2700 569 2781 praeeuntibus
585 2701 841 2784 exquisitissimis
853 2701 901 2765 rei
916 2700 1064 2784 publicae
1076 2699 1250 2782 magistris,

130 2786 431 2865 Thornasuarczio,
443 2795 477 2855 et
488 2789 698 2864 bellarmino,
709 2789 938 2873 amplissimum
950 2793 1004 2856 est
1014 2793 1166 2873 systema,
1181 2787 1262 2854 iura«

130 2878 240 2943 omnia
256 2877 441 2943 concilians:
457 2877 489 2942 1.
504 2878 552 2942 ius
563 2879 679 2944 summi
691 2877 878 2961 imperantis
889 2877 961 2951 Dei,
973 2877 1063 2943 cuius
1080 2880 1128 2943 est
1140 2877 1252 2942 buma-

131 2965 219 3032 nitas
230 2971 264 3032 et
274 2966 422 3042 societas,
431 2967 470 3031 ab
483 2966 539 3033 illo
550 2973 673 3042 exorta,
683 2967 741 3032 sub
753 2967 809 3034 illo
821 2966 856 3030 in
869 2967 963 3034 terris
977 2966 1157 3048 peregrina,
1166 2965 1250 3032 eius-

128 3072 192 3136 que
208 3053 327 3137 legibus
342 3058 437 3138 atque
453 3055 566 3122 ordine
581 3055 622 3120 ad
635 3057 724 3121 illurn
738 3073 915 3131 reversura;
933 3055 968 3121 2.
985 3055 1034 3118 ius
1045 3060 1247 3120 terrenorum

130 3143 380 3226 imperantium,¹
391 3143 446 3228 qui
462 3144 502 3208 ab
517 3145 574 3208 illo
589 3146 842 3218 constituuntur,
852 3144 981 3225 eiusque
993 3143 1187 3225 participant
1198 3143 1248 3208 iu-

129 3232 272 3312 stitiam,-
278 3239 326 3309 ut,
342 3233 409 3298 iere
423 3233 484 3298 Dei
500 3233 583 3320 loco,
599 3233 685 3298 illarn
698 3237 845 3320 aequcet
859 3236 986 3298 sanctae
1000 3231 1182 3296 hominibus
1193 3232 1248 3296 ad·

126 3321 323 3398 ministrent3
335 3319 426 3386 3.ius
441 3323 641 3406 populorum,
653 3323 709 3405 qui
725 3339 872 3388 concessa
888 3321 1074 3386 naturaliter
1086 3319 1245 3395 libertate,

128 3409 855 3494 Deoinstitnentidelectosolieruntpriucipes,
865 3415 901 3475 ut
911 3409 1047 3490 legitimi
1057 3408 1148 3475 flant.
1160 3410 1248 3478 Non·

130 3517 170 3564 ne
186 3499 263 3564 baec
276 3517 349 3564 vere
367 3500 500 3565 dicenda
516 3505 564 3564 est
580 3500 635 3566 illa
651 3495 712 3566 Ποῖ
726 3509 819 3582 atque
834 3499 997 3564 hominum
1011 3499 1134 3573 οιύἰιαε,
1151 3515 1247 3580 quarn

127 3593 345 3669 praesenserat
360 3587 486 3656 Cicero?
492 3588 577 3668 Quid
592 3589 632 3654 ad
646 3589 735 3667 haec,
748 3587 886 3654 humana
898 3586 992 3652 simul
1004 3592 1038 3654 et
1053 3586 1172 3663 divina,
1181 3592 1246 3652 tam

126 3677 260 3756 grandia
275 3682 309 3742 et
322 3677 481 3754 sublimia,
499 3679 608 3743 inania
624 3679 679 3743 illa
693 3678 733 3742 de
747 3683 837 3760 pacto
851 3676 973 3750 sociali,
992 3676 1041 3741 rel
1059 3676 1098 3741 de
1113 3674 1248 3740 sociabi-

129 3766 222 3832 litate
237 3783 254 3829 a
271 3764 473 3831 Puie'ndorrio
487 3785 545 3848 pro
560 3785 685 3832 summo
699 3766 817 3831 iuriam
832 3765 999 3834 socialium
1023 3765 1112 3830 fonte
1128 3764 1248 3831 consti-

129 3853 215 3919 tuta?
229 3855 346 3919 Divino
361 3855 431 3919 iure
446 3860 592 3937 excepto,
611 3857 768 3938 fugientes
779 3852 1130 3937 umbras'prosequeris:
1140 3871 1180 3919 err
1191 3853 1247 3918 illo

130 3942 270 4026 primurn
285 3943 380 4008 babes
395 3943 456 4019 ius,
473 3945 594 4027 reliqua
611 3946 724 4010 iluunt.
1097 3971 1102 3978 ·

218 4031 309 4098 XIV.
326 4032 414 4099 Petis
428 4033 604 4109 enimvero,
622 4052 678 4098 cur
693 4033 791 4098 etiam
804 4031 984 4097 infidelibus
995 4030 1193 4115 principibus
1208 4031 1246 4096 h·

127 4119 213 4186 deles
228 4121 338 4204 populi
349 4140 383 4186 se
394 4121 549 4187 subiicere
563 4121 747 4188 teneantur?
755 4121 936 4204 Respondet
948 4119 996 4184 ius
1007 4119 1246 4201 divinum,quia

127 4210 205 4274 tides
222 4229 284 4278 non
300 4211 416 4290 erertit
431 4228 538 4276 rerum
553 4210 769 4290 ordinemsed
784 4212 904 4276 firmat:
919 4225 992 4273 nam
1008 4228 1025 4269 a
1039 4209 1117 4274 tides
1127 4206 1247 4274 Christi

127 4304 177 4362 est
192 4299 334 4364 iustitiae
349 4299 543 4382 principium
559 4305 592 4365 et
608 4315 713 4375 causa3
725 4304 758 4363 et
774 4298 846 4363 ideo
861 4296 1025 4381 perfidem
1042 4314 1105 4361 non
1121 4295 1248 4361 tollitur

126 4387 207 4450 ordo
223 4388 374 4464 iustitiae,
393 4389 447 4453 scd
463 4388 564 4470 magis
580 4389 738 4454 firmatur.
756 4387 843 4454 Ordo
861 4391 967 4451 autern
983 4385 1126 4453 iustitiae
1142 4384 1248 4466 requi-

127 4477 228 4550 rit,ut
237 4477 405 4544 interiores
418 4478 482 4543 suis
493 4477 710 4560 superioribus
722 4477 884 4549 obediant,
899 4474 993 4561 aliter
1005 4474 1092 4539 enim
1104 4492 1168 4537 non
1178 4491 1248 4554 pos-

126 4573 174 4634 set
190 4565 399 4635 homanarum
416 4587 522 4636 rerum
534 4573 633 4636 status
644 4565 836 4634 conservari.
852 4565 893 4631 Et
905 4564 976 4629 ideo
989 4582 1045 4647 per
1056 4559 1249 4630 lidemtlhri-
