3238 5282
483 348 486 353 ,
560 287 693 336 rrruuus
708 286 803 334 xvru.
1137 269 1199 334 221

126 438 284 516 impetum
300 433 439 498 retinere
453 451 515 498 non
527 434 680 515 potuerit;
694 435 808 498 damna
818 434 1038 515 praestabunt,
1052 433 1079 496 si
1093 437 1148 498 aut
1164 433 1246 514 ignis

125 525 264 588 alienam
278 528 418 603 segetem
430 521 622 597 incenderit,
632 527 687 588 aut
698 523 880 606 quempiam
891 540 989 606 equus
1001 522 1188 604 protriverit
1201 521 1243 606 1).
1289 525 1489 604 litigato,

182 675 186 684 ,
216 610 249 678 3.
267 611 409 678 Effectus
424 612 524 676 bonae
540 611 589 676 vel
604 612 706 679 malae
721 609 871 688 aetionis,
889 611 1061 678 dummodo
1078 629 1143 675 non
1159 612 1244 693 peri·
1264 601 1329 660 ibid·

125 702 265 775 calonne,
276 701 397 766 auctori
410 713 474 766 non
486 701 695 783 imputantur,
706 703 733 765 si
745 702 795 765 illi
808 719 865 768 neo
876 701 1055 783 praevideri
1067 701 1243 782 potuerint,-

12 817 14 858 ι
127 809 187 856 nee
198 790 380 856 debuerint.
392 790 448 856 Sic
461 789 516 856 tur
530 791 692 857 exarbore
704 791 864 865 decidens,
878 790 908 854 si
918 795 1136 856 transeuntem
1147 789 1246 854 laese-

128 881 187 955 rit,
201 878 289 945 nihil
303 879 490 962 praestabit:
505 878 591 944 nihil
605 897 731 964 quoque
746 891 852 946 ramea
873 885 1041 962 amputans
1055 884 1146 944 extra
1161 878 1246 942 viam

127 969 301 1052 pittinara,
315 987 378 1050 quo
386 985 485 1036 ‚neruo
497 969 688 1036 transiturus
699 969 873 1050 prudenter
884 969 1065 1052 putabatur.
1147 983 1151 1007 ⁵

220 1056 328 1128 xvii.
347 1057 583 1138 Quaerentibus
597 1057 719 1139 quidet
734 1058 971 1139 pantardum,
989 1057 1045 1139 qui
1061 1055 1197 1121 alterum
1212 1071 1246 1120 a·

12 1177 22 1218 ι·
129 1146 239 1214 ctione
256 1163 311 1212 nna
326 1164 345 1210 a
361 1147 436 1212 boni
451 1144 676 1213 consecutione
693 1148 877 1223 removerit,
894 1146 1132 1229 respondemus:
1340 1185 1342 1190 -

12 1269 14 1308 ι
224 1234 526 1314 leuauerunt,
538 1251 736 1318 quocumque
746 1236 855 1312 modo,
868 1231 1245 1316 obstititnequisbonurn

12 1357 13 1396 ι
132 1327 351 1408 auoquemtur
364 1324 894 1402 aibiexiuatitiadebltum‚damni
907 1329 1046 1397 tenetur,
1059 1319 1246 1406 nonquanti

12 1445 13 1488 ι
132 1431 196 1487 res,
210 1414 263 1478 sed
275 1416 387 1497 quanti
397 1414 462 1480 lert
471 1431 557 1496 apes:
572 1413 702 1481 violavit
714 1414 801 1480 enirn
808 1414 964 1480 iustitiam
972 1411 1245 1488 commutativam,

133 1519 228 1584 quarn
243 1519 369 1583 semper
382 1503 569 1572 restituendi
587 1521 666 1569 onus
680 1503 864 1570 comitatur.

12 1647 13 1654 ,
221 1591 255 1656 2.
273 1592 337 1671 Qui
353 1593 519 1673 indignum
531 1593 571 1658 ab
579 1594 683 1658 officio
697 1591 917 1673 consequendo
929 1589 1078 1663 removit,
1091 1591 1119 1654 si
1134 1593 1248 1658 mediis

12 1715 13 1724 ι
136 1679 247 1755 licitis,
266 1681 509 1764 nibilpeeeorit3
522 1682 550 1746 ai
562 1682 727 1748 mendacio
742 1681 790 1746 vel
802 1680 924 1755 baudo
938 1679 1095 1744 mendacii
1108 1685 1247 1760 tenetur,

135 1787 296 1841 nourero
309 1769 431 1838 darunt.
450 1769 532 1838 Nam
549 1771 634 1836 nulla
654 1769 699 1834 ibi
715 1769 846 1834 iniuria:
865 1785 928 1832 non
944 1768 979 1832 in
995 1767 1170 1846 hominem,
1193 1772 1248 1852 qui

134 1863 245 1939 utpote
261 1859 422 1940 indignus,
441 1859 562 1928 nullutn
577 1859 626 1926 ius
647 1859 793 1934 habebat,
809 1875 865 1923 seu
881 1856 1001 1922 nullam
1020 1859 1245 1940 aptitudinem,

136 1952 174 2012 ut
185 1947 383 2020 alteration
397 1965 461 2014 nnn
474 1947 508 2013 in
519 1949 718 2022 satietatem,
728 1948 894 2014 ouioarere
903 1946 1047 2026 indigno,
1061 1947 1181 2013 honum
1189 1952 1247 2014 eat.

135 2035 198 2103 Ubi
213 2042 320 2103 autem
333 2037 422 2102 nulla
432 2035 568 2119 iniuria,
587 2053 644 2101 nee
659 2037 723 2102 ulla
738 2036 907 2118 reparandi
924 2034 1091 2115 obligatio.
1150 2087 1155 2096 .

45 2197 47 2201 ,
225 2123 259 2192 3.
270 2125 333 2206 Qui
344 2125 476 2206 dignun
487 2124 621 2196 honeste
630 2126 762 2208 nepulit,
776 2131 812 2192 ut
823 2124 964 2206 digniori
975 2124 1113 2190 officium
1123 2127 1251 2192 conier-

134 2219 237 2289 retur,
256 2215 335 2278 bene
349 2214 388 2278 de
404 2214 557 2282 sooiatate
572 2215 706 2280 meritus
721 2219 782 2280 eat:
799 2213 1065 2296 quemadmodum
1080 2221 1186 2281 autern
1210 2216 1249 2280 il-

134 2303 196 2366 lius
212 2304 326 2370 merita
342 2302 817 2384 potionituaniaceeitduntur,
833 2302 879 2368 ita
891 2307 925 2367 et
936 2302 1020 2366 iura.¹
1152 2323 1154 2328 ¹

217 2389 252 2457 d.
267 2391 302 2458 Si
313 2394 444 2474 dignum
454 2393 606 2472 ornauit,
616 2398 652 2457 ut
663 2409 762 2476 aeque
769 2391 867 2472 digno
878 2391 1011 2466 laverat,
1023 2391 1142 2458 dubliei
1154 2393 1260 2458 modo·

136 2480 170 2544 id
180 2481 253 2547 lieri
265 2481 385 2563 potuit.
395 2481 433 2549 ‘si
441 2499 508 2547 non
519 2481 701 2556 inhoneste,
714 2480 858 2546 consiliis
870 2484 958 2561 puta,
971 2481 1250 2561 precibusvelsua-

135 2569 292 2646 sionibus,
309 2570 391 2636 nihil
407 2575 559 2651 mourut:
576 2570 781 2653 dignissimus
800 2569 887 2634 enirn
903 2568 1038 2650 quilibet
1054 2571 1174 2650 nullum
1193 2571 1250 2636 ha-

133 2657 189 2724 bet
203 2659 264 2734 ius,
283 2677 323 2726 ne
338 2660 413 2742 quia
424 2676 523 2744 aeque
540 2658 636 2748 digno
652 2659 882 2742 patrocinetur.
899 2657 933 2726 si
952 2657 1040 2732 dolo,
1061 2659 1104 2732 ri,
1122 2659 1246 2735 fraude,

133 2747 244 2814 damni
254 2753 386 2824 ,tenetur
399 2767 458 2831 pro
471 2749 521 2816 rai
539 2749 775 2838 aeptiuratione:
791 2748 889 2830 digno
908 2745 996 2813 enim
1010 2749 1125 2830 tuique
1142 2767 1249 2814 vorum

135 2841 185 2902 eat
200 2836 261 2914 itu,
279 2855 320 2902 ne
334 2838 451 2904 iniuste
467 2855 484 2902 a
500 2837 655 2904 benefitio
672 2842 831 2904 arceatur.

226 2928 260 2992 b.
278 2925 314 3014 Si
335 2927 492 2994 moninus
511 2927 608 3009 digno
624 2927 759 3001 lateret,
773 2930 808 2992 et
824 2924 953 3008 quidem
968 2923 1090 2998 fraude,
1109 2924 1249 3006 digniori
1369 2933 1372 2940 ·

133 3018 231 3098 atquo
245 3016 392 3084 souiotati
403 3016 519 3082 damna
534 3015 669 3090 retioiet3
686 3015 714 3078 ni
729 3015 887 3098 praeibat,
906 3029 970 3080 nou
979 3013 1120 3095 dignori‚
1136 3015 1187 3078 oui
1201 3015 1250 3097 ni-

133 3102 180 3166 hil
194 3123 234 3172 ex
249 3105 371 3174 iustitia
385 3105 571 3180 debebatur,
583 3105 639 3170 aed
647 3103 794 3174 societati
804 3121 884 3186 quae
894 3101 944 3174 iua
954 3100 1090 3169 habebat
1102 3119 1142 3166 no
1149 3103 1252 3168 meio·

135 3191 165 3257 ri
180 3194 530 3279 privareturutilitate,
543 3191 903 3275 damaaoompeesubit.

213 3285 337 3352 xviii.
353 3284 500 3352 uiximus
514 3285 553 3350 de
566 3283 719 3350 iniruiam
729 3280 957 3353 :inferentibua
974 3280 1013 3344 de
1028 3278 1252 3360 partieipanti-

132 3378 191 3443 bur
204 3373 283 3440 huot
296 3373 533 3457 generalissima
545 3376 607 3442 len:
616 3368 978 3440 *liornnoetenenturde
990 3368 1119 3442 damno,
1133 3368 1188 3450 qui
1201 3365 1249 3435 iel

130 3475 188 3532 sua
202 3465 330 3531 eudone
344 3462 395 3529 rel
404 3461 756 3547 eulpabilionaissinne,
770 3460 848 3528 adeo
858 3457 1184 3541 suamautpbysioam
1196 3462 1250 3523 aut

132 3554 288 3622 moralem
303 3569 433 3637 operum
447 3550 658 3625 contulerint,
667 3555 708 3616 ut
714 3548 886 3616 uerissime
894 3565 934 3618 ex
944 3564 1055 3612 eorum
1067 3563 1192 3629 quoque
1204 3545 1252 3611 ia-

131 3651 187 3711 cto
201 3645 253 3710 rel
269 3642 441 3708 omissione
450 3640 602 3708 damnrun
612 3638 771 3713 entiterit,
782 3635 1083 3720 quanquametiam
1092 3635 1253 3717 sineipsis

136 3734 326 3800 extiturum.
345 3731 423 3797 ¹tlon
443 3731 531 3796 errirn
546 3729 608 3794 hoo
623 3727 800 3812 quaeritur:
818 3745 858 3796 an
874 3726 959 3792 notio
983 3724 1166 3800 damnifica,
1184 3724 1253 3790 sine

135 3824 216 3906 ipsis
231 3821 388 3895 extiterit
402 3818 704 3904 sedzhoepotiuazan
713 3816 778 3900 ipsi
789 3833 914 3900 quoque
923 3814 957 3880 in
966 3813 1167 3882 aotionemet
1178 3832 1255 3879 ton-

132 3915 303 3998 sequenter
314 3911 351 3974 in
368 3908 520 3976 ιὶιιιιιιιιιιιι
530 3906 734 3974 inlitueunt.

195 4021 199 4026 ·
226 3992 1152 4080 maurusiportiupainutptenest:anteponamus,
1163 3993 1256 4072 prio-

135 4089 261 4170 ripolis,
274 4087 563 4168 putaminum.
579 4086 611 4152 1.
624 4083 898 4165 Prinoipaliaaima
909 4081 1036 4148 dieitur
1051 4081 1118 4158 ille,
1135 4082 1191 4164 qut
1209 4081 1255 4145 ito

131 4169 1254 4260 {ammoneaturtinartasoutooadammaotttatamaoa[ota

131 4277 189 4334 set.
207 4269 241 4332 2.
258 4265 358 4332 Causa
381 4265 570 4352 principalis
589 4263 721 4338 illaesi,
743 4262 799 4342 qui
813 4279 886 4326 oum
908 4261 982 4326 attia
997 4259 1185 4324 ouewrttoto
1205 4257 1254 4320 oet

133 4360 219 4441 [αοιο
234 4355 395 4440 ιῃῐιιιιιιιν
405 4355 587 4431 toruumit,
608 4353 678 4422 lioet
693 4352 761 4417 aloe
776 4367 813 4414 to
823 4350 981 4420 donnum
1000 4348 1126 4411 illatum
1142 4344 1251 4427 [aaut

128 4446 168 4512 ’3.
188 4445 288 4513 Causa
303 4445 410 4509 miurus
422 4442 613 4528 prineipalia
627 4441 684 4509 ille
698 4437 847 4507 dioendua
861 4443 922 4513 eat,
936 4439 1007 4521 pai,
1025 4439 1092 4500 iam
1106 4436 1147 4500 ud
1166 4435 1255 4500 doto·

131 4553 211 4602 num
224 4535 426 4618 insuendam
431 4542 560 4619 parato,
572 4531 775 4617 omnibusque
780 4529 949 4613 mundtiis
958 4528 1122 4600 instructo,
1133 4524 1255 4604 adpro-
