3222 5282
408 299 456 352 xu

127 445 150 515 ι)
166 444 236 519 cto,
252 442 287 503 de
304 445 345 504 0-
364 446 511 533 glum-1).
532 443 627 529 »Qui
642 448 827 530 experrecta
842 447 937 532 atque
951 442 1073 516 excelsa
1081 448 1205 537 ingenii
1221 449 1252 522 vi
1263 446 1401 539 praediti
1414 452 1491 521 sunl

120 526 192 586 '‘³¹“
209 523 230 576 ¹·
365 568 383 616 a
399 556 531 629 natura,
545 552 602 617 illa
617 551 835 617 meminerint:
860 573 876 610 «
900 553 972 619 Non
988 558 1091 636 potest
1111 557 1146 620 in
1161 575 1200 622 eo
1214 575 1283 624 esse
1297 577 1405 624 succus
1419 559 1492 623 diu⁴

142 670 168 742 ll
190 670 243 736 va,
255 669 291 728 de
305 671 347 730 ο-
367 661 489 734 turnus,
507 657 562 739 qui
578 657 674 722 nimis
689 657 837 722 celeriter
853 663 903 722 est
917 659 1137 725 maturitatem
1152 668 1310 729 assecutus
1323 661 1371 750 2).
1389 665 1492 729 ulmo

118 751 193 814 rav,
209 747 244 802 ll·
367 762 483 844 etipsa
500 778 643 845 «parum
658 761 740 828 valet
751 760 908 836 doctrina,
928 761 1168 841 nisiinduslria,
1187 766 1495 842 studio,labore,di·

120 818 281 953 ,ffiffld
291 823 500 946 He'ligentia
508 863 806 951 comprobeturdl.»
815 864 937 946 Quibus
949 873 1175 934 autemnatura
1184 870 1308 935 minora
1320 872 1394 936 data
1403 876 1492 948 sunt,

188 939 195 970 ²
370 985 433 1034 non
450 969 494 1034 ita
510 970 752 1054 desperandum,
766 970 856 1053 quasi
871 971 932 1054 ipsi
948 972 1110 1055 aplurima
1125 973 1497 1054 gloriaarceantur.Non

368 1073 455 1137 enim
471 1075 609 1142 Homero
624 1076 685 1140 soli
703 1076 790 1142 locus
805 1081 865 1152 est,
882 1081 937 1142 aut
953 1077 1112 1160 Sophocli,
1131 1082 1185 1144 aut
1200 1078 1352 1155 Pindaro;
1377 1096 1435 1144 nee
1449 1083 1498 1145 A·

367 1177 546 1244 ristotelem
562 1180 596 1246 in
609 1178 810 1264 philosophia
827 1181 982 1247 deterruit
993 1181 1167 1265 amplitudo
1179 1182 1333 1259 Platonis;
1344 1188 1497 1265 tantaque

368 1281 541 1348 multitudo
557 1285 763 1366 ingeniorum
784 1285 860 1361 fuit,
890 1286 1028 1352 tantuin
1044 1305 1103 1351 suo
1115 1285 1266 1371 cuiusque
1281 1304 1398 1368 genere
1413 1287 1494 1362 laus,

367 1391 496 1452 utrum
511 1406 634 1454 summa
648 1390 812 1468 miremur,
832 1390 987 1456 inferiora
1004 1394 1109 1456 tamen
1123 1391 1303 1474 probamus.
1324 1391 1435 1474 Neque
1452 1393 1493 1458 il·

369 1493 422 1558 lud
438 1495 522 1577 quod
534 1501 582 1562 est
597 1496 767 1579 optimum,
785 1497 1015 1578 desperandum
1030 1501 1090 1562 est:
1107 1515 1203 1581 quom
1219 1497 1254 1562 in
1265 1499 1499 1580 praestantibus

370 1602 474 1682 rebus,
493 1620 609 1686 magna
624 1603 688 1695 sint
700 1621 751 1678 ea,
767 1622 848 1685 quae
863 1609 937 1670 sunt
949 1603 1081 1686 optimis
1095 1604 1363 1686 proximaErunt
1374 1610 1493 1682 autem,

370 1708 399 1772 si
415 1708 580 1790 ingenium
596 1725 696 1790 opere
711 1713 745 1775 et
759 1708 926 1791 diligentia
941 1709 1131 1792 perficietis:
1153 1729 1170 1770 a
1187 1708 1362 1791 Diligentia
1377 1709 1412 1773 iu
1428 1728 1499 1775 om·

371 1813 463 1877 nibus
477 1814 572 1878 rebus
587 1813 762 1896 plurimum
779 1815 881 1880 valet:
899 1814 976 1878 haec
994 1817 1165 1896 praecipue
1180 1814 1312 1879 colenda
1326 1819 1375 1878 est
1389 1815 1495 1892 nobis,

376 1915 455 1982 haec
470 1934 597 2000 semper
608 1917 796 1993 adhibenda,
813 1917 891 1982 haec
907 1916 988 1982 nihil
999 1921 1047 1982 est
1059 1919 1143 1999 quod
1155 1937 1216 1983 non
1225 1924 1420 2004 assequatur:
1435 1936 1497 2002 qua

146 2037 174 2105 lt
188 2033 242 2107 ld,
256 2029 292 2091 de
309 2033 351 2091 0·
373 2039 436 2088 una
452 2023 572 2088 virtute
587 2039 697 2088 omnes
711 2022 853 2105 reliquae
865 2022 999 2088 virtutes
1014 2023 1218 2090 continentur
1233 2022 1279 2108 l).
1299 2046 1317 2087 v

124 2118 199 2186 talo
215 2111 250 2168 ¹¹·
462 2127 538 2192 Dixi
553 2144 634 2210 quae
649 2127 782 2211 agenda,
800 2144 884 2192 nunc
901 2144 981 2210 quae
996 2144 1037 2192 ex
1050 2121 1203 2194 Cicerone
1218 2126 1395 2194 omittendo
1408 2132 1495 2194 sunt.

372 2230 512 2300 Naturae
527 2232 629 2297 ollicia
645 2236 678 2297 et
693 2231 775 2296 iussa
790 2231 1059 2314 persequentibus,
1076 2233 1182 2315 primo
1198 2231 1388 2315 avoluptate
1400 2233 1497 2299 absti-

274 2399 276 2404 ,
374 2337 524 2402 nendum.
538 2337 621 2404 Nam
637 2356 657 2406 a,
674 2335 710 2400 in
724 2336 896 2418 voluptatis
912 2353 1010 2418 regno
1026 2355 1090 2402 nou
1105 2341 1209 2420 potest
1224 2337 1325 2403 virtus
1341 2338 1496 2404 consiste·

145 2441 171 2514 ⁵l
187 2439 253 2535 ld,
285 2441 351 2498 cat.
372 2460 408 2506 re
424 2440 475 2526 b).
495 2464 512 2504 u
537 2439 700 2508 Imitatrix
713 2446 763 2505 est
777 2441 854 2505 boni
874 2441 1029 2523 voluptas,
1048 2441 1204 2506 malorum
1221 2446 1323 2506 mater
1337 2441 1493 2522 omnium,

124 2520 248 2651 w}
271 2594 310 2650 Le
373 2546 461 2610 cuius
475 2538 638 2610 blanditiis
653 2547 897 2626 corrumpuntur
909 2559 989 2625 quae
1005 2546 1117 2607 natura
1133 2540 1385 2627 mnasonem.»
1398 2565 1415 2604 a
1432 2543 1501 2610 Vo-

127 2595 165 2724 l.)
204 2633 223 2668 '’
246 2609 261 2651 e
310 2609 351 2667 φ’
374 2651 521 2734 luptates,
538 2649 761 2715 blandissimae
775 2649 942 2724 dominae,
959 2665 1053 2730 saepe
1067 2649 1203 2712 maiores
1219 2653 1322 2731 partes
1337 2650 1464 2714 animae
1481 2668 1500 2715 a

129 2743 154 2818 71
168 2741 305 2822 lii-rosso
315 2743 351 2799 ¹¹·
372 2757 492 2824 virtute
506 2753 747 2839 detorquentil.
764 2777 781 2818 u
795 2752 858 2820 (lur
870 2771 943 2819 vero
955 2758 1078 2820 tantam
1093 2754 1200 2818 animo
1208 2752 1330 2818 cladem
1337 2753 1497 2819 inlertvo·

373 2861 489 2945 luptas‘l
503 2860 586 2940 Quia
600 2878 726 2925 sensum
737 2877 795 2942 pro
806 2860 933 2924 ratione
950 2859 1056 2932 babet,
1074 2858 1209 2940 impedit
1217 2857 1397 2932 consilium,
1409 2876 1499 2922 men·

374 2970 440 3032 tem
456 2982 541 3030 asna
556 2965 629 3030 sede
644 2964 796 3030 dimovet:
812 2983 830 3024 «
847 2962 911 3042 Qui
923 2961 1079 3044 voluptati
1094 2961 1217 3027 deditus
1233 2967 1292 3037 est,
1304 2961 1378 3026 huic
1390 2961 1499 3027 omnia

373 3086 478 3146 sensu,
495 3087 561 3134 non
581 3068 706 3134 ratione
727 3071 802 3132 sunt
817 3067 1001 3139 iudicanda,
1019 3082 1118 3146 eaque
1133 3069 1206 3130 sunt
1228 3065 1360 3130 dicenda
1377 3066 1501 3146 optima

130 3198 155 3272 gp
168 3193 354 3274 macrum„
375 3182 543 3262 quaesunt
558 3175 740 3243 suavissima
755 3173 800 3259 8).
821 3196 838 3236 u
857 3194 875 3235 «
892 3172 1029 3256 impedit
1042 3170 1209 3237 consilium
1224 3172 1382 3256 voluptas,
1401 3173 1502 3236 ratio·

129 3278 165 3333 11.
376 3281 411 3345 ni
426 3281 569 3356 inimica;
587 3296 624 3345 ac
639 3278 768 3355 mentis,
787 3281 822 3342 ut
838 3276 884 3341 ita
900 3275 1015 3350 dicam,
1032 3274 1222 3358 perstringit
1236 3275 1356 3350 oculos,
1374 3290 1432 3337 nec
1442 3273 1501 3339 ha-

133 3395 160 3470 t)
180 3395 356 3468 idem.,Cot.
375 3386 429 3451 bet
444 3386 545 3451 ullum
560 3369 632 3450 cum
644 3384 762 3450 virtute
776 3381 1003 3448 commercium
1018 3377 1063 3463 9).
1083 3402 1100 3442 u
1117 3380 1201 3446 Hinc
1218 3401 1236 3441 «
1253 3399 1316 3464 quo
1332 3379 1436 3444 maior
1451 3384 1503 3445 est

129 3474 267 3619 mila,
295 3546 359 3603 Pa·
377 3489 529 3572 voluptas,
547 3505 586 3552 eo
602 3488 702 3568 magis
718 3492 859 3554 mentem
874 3504 893 3551 a
907 3498 966 3550 sua·
977 3485 1050 3549 sede
1065 3488 1098 3548 et
1111 3488 1196 3551 statu
1215 3486 1355 3550 dimovet
1372 3481 1438 3569 10).
1456 3484 1501 3550 Ε-

9 3623 10 3627 ’
131 3620 241 3681 ram,
257 3621 279 3677 1.
377 3612 465 3661 versa
480 3594 580 3676 igitur
595 3597 715 3667 mente,
734 3596 767 3657 et
779 3597 926 3676 corrupta
937 3589 1154 3672 voluptatibus
1170 3595 1295 3667 natura,
1312 3607 1421 3673 qnam,
1436 3590 1500 3654 nisi

376 3697 621 3781 Epicureorum,
639 3693 782 3759 dabimus
802 3696 841 3761 de
857 3699 988 3762 naturae
1003 3693 1115 3759 officiis
1135 3699 1170 3760 et
1192 3695 1313 3760 iuribus
1335 3693 1499 3760 tractatio-

376 3803 466 3869 nem?
481 3802 542 3870 Sed
556 3799 652 3866 fracti
664 3793 877 3882 voluptatibus
888 3800 1001 3876 animi,
1018 3817 1036 3864 a
1048 3817 1156 3864 rerum
1167 3819 1291 3885 quoque
1303 3798 1501 3882 publicarum

377 3908 568 3975 tractatione
582 3909 798 3972 amoveantur:
813 3927 831 3966 «
846 3906 909 3986 Qui
918 3905 1129 3989 voluptatibus
1144 3906 1314 3981 ducuntur,
1325 3911 1399 3970 etse
1408 3904 1503 3971 vitio·

377 4031 450 4079 rum
464 4010 632 4086 illecebris,
650 4014 683 4076 et
698 4010 912 4093 cupiditatum
927 4009 1095 4080 lenociniis
1109 4010 1311 4086 dediderunt,
1328 4008 1442 4074 missos
1456 4007 1505 4071 tn-

381 4119 468 4186 ciant
481 4117 629 4191 honores,
647 4132 706 4180 nec
728 4116 888 4198 attingant
903 4115 1143 4198 rempublicam
1161 4116 1325 4197 patiantur
1339 4115 1425 4180 viros
1441 4113 1506 4179 ior-

153 4267 196 4340 11)
212 4263 243 4322 ld
302 4276 356 4338 pro
380 4230 428 4292 tes
443 4220 562 4297 labore,
579 4238 613 4286 se
628 4238 685 4284 suo
696 4220 764 4285 otio
779 4219 900 4304 pertrui
911 4218 1000 4303 11).»
1013 4219 1130 4298 Quare,
1148 4217 1298 4283 animulis
1314 4217 1502 4302 quibusdam

130 4349 209 4404 Sext.
248 4305 273 4336 ”
380 4329 456 4396 licet
464 4325 645 4400 durissima,
656 4324 734 4388 haec
742 4328 849 4389 tamen
858 4323 1094 4410 praecipienda:
1115 4342 1133 4382 «
1144 4322 1350 4390 Omittendae
1358 4329 1508 4390 suntom·

136 4492 178 4565 m
189 4491 219 4549 ld
243 4507 299 4567 pro
313 4491 348 4552 Μ
382 4454 438 4502 nes
452 4433 647 4514 voluptates,
663 4429 868 4512 relinquenda
892 4427 994 4494 studia
1008 4428 1251 4506 delectationis,
1268 4429 1379 4516 ludus,
1397 4429 1506 4505 iocus,

134 4567 237 4632 coetu,
390 4533 1508 4622 convivia,sermoetiampencomniumlamidariumdeserendus12).»
