3238 5282
583 355 715 404 rtrucus
731 356 800 406 xiv.
1146 336 1206 402 189

123 502 190 568 trrr:
205 501 298 560 nocte
315 501 395 570 tota,
415 498 514 562 ieiuni
532 502 673 582 mutique
690 505 884 586 perstanti).
899 527 915 564 n
930 503 1014 566 llaec
1031 521 1101 566 curn
1121 521 1249 579 romana
1295 499 1437 572 tisenec,
1448 514 1493 572 ΕΡ·

121 587 1247 672 urbanitateetpoliticalibertateconsociabantur!Sednequeliiciinis.
1269 575 1316 630 ⁴7·

206 674 1249 766 lllll.Dominarumcrudelitateadscribenda,sieutreliquaeom-

120 783 190 838 nes,
204 763 328 856 celeber
342 765 682 850 illaeouiuratiorpuae
695 771 728 835 in
745 765 1040 850 Sicilia-contingit.
1058 769 1208 835 Vestibus
1219 775 1252 846 et

119 871 202 936 pane
217 859 373 929 carentes,
390 856 567 922 durissimis
579 859 722 942 quotidie
739 857 898 926 laboribus
914 859 1153 940 frangebantur.
1171 859 1251 940 Qui-¹

119 943 194 1006 dam
210 944 405 1011 vexabantur
419 945 488 1018 diu,
502 949 837 1032 noetealligaboutur,
855 950 942 1016 ierm
954 949 1199 1016 incandescente
1215 949 1251 1012 in

119 1033 203 1096 lucie
214 1033 431 1113 signabantur.
441 1035 571 1102 Nullum
585 1039 662 1120 legis
673 1039 893 1118 adiumentum
902 1039 950 1104 vel
963 1038 1050 1103 lavor
1062 1038 1186 1104 aderat:
1195 1056 1250 1103 ex-

119 1127 172 1185 tra
190 1122 291 1202 legem
309 1124 419 1204 positi,
437 1130 528 1208 extra
543 1126 826 1202 humanitatem«
843 1129 941 1196 Servo
957 1127 1078 1194 tribuni
1096 1143 1159 1191 non
1177 1146 1249 1208 pos-

119 1215 195 1276 sunt
211 1225 409 1287 succurrure,
430 1238 446 1276 »
464 1214 510 1281 ait
527 1214 644 1281 Seneca
660 1223 800 1300 patere«
819 1217 900 1286 servi
917 1216 1160 1300 appellarenon
1176 1236 1249 1299 pos·

120 1304 197 1364 sunt
211 1323 228 1362 a
240 1299 410 1368 Marcellus
420 1303 514 1370 docet
524 1305 763 1392 iurisconsultus
770 1306 824 1392 (o).
837 1307 898 1372 Sed
909 1324 985 1388 prae
996 1305 1069 1369 aliis
1079 1305 1247 1374 durissime

121 1388 178 1452 illa
196 1388 260 1462 lex,
277 1409 351 1472 qua.
366 1392 472 1462 occiso
487 1393 630 1460 familiae
641 1396 786 1472 domino,
799 1414 911 1462 omnes
924 1396 1020 1468 servi,
1032 1394 1106 1459 licet
1121 1397 1249 1460 rennui

120 1495 160 1542 ac
175 1478 311 1552 milleni,
323 1481 393 1544 sine
408 1482 474 1548 ullo
488 1482 608 1548 iudicio
626 1484 829 1561 accubantum
847 1484 974 1552 etiamsi
991 1489 1048 1548 dec
1063 1484 1174 1550 eadem
1188 1485 1249 1549 do·
1294 1545 1299 1552 .

121 1583 177 1629 me
191 1574 393 1647 caperentur,
403 1570 432 1633 si
445 1571 598 1654 nimirum
611 1578 736 1640 tantum
747 1575 891 1649 aberant,
902 1579 937 1644 ut
948 1573 1044 1638 occisi
1055 1571 1178 1636 elamor
1193 1590 1248 1636 au·
1269 1643 1273 1650 ,
1458 1650 1460 1656 y

122 1655 189 1742 diri
206 1657 359 1736 potuerit,
376 1659 423 1725 ait
436 1659 588 1743 Ulpianus
603 1660 646 1745 2).
661 1662 763 1741 Quam
781 1664 896 1745 legem,
906 1662 1045 1729 Neronis
1056 1665 1202 1741 tempore
1214 1662 1247 1726 in
1288 1647 1314 1719 ²⁸
1335 1648 1367 1732 b.
1394 1649 1422 1718 Π»
1446 1648 1492 1706 ¹¹¹³·

123 1744 257 1809 Pedanii
273 1751 389 1821 morte,
403 1766 475 1822 cum
490 1751 794 1833 quadringentorum
811 1769 974 1834 serrorum
992 1769 1067 1814 nece
1083 1750 1248 1830 impletam
1269 1724 1317 1795 ²⁹¹
1333 1728 1376 1780 m·
1390 1727 1427 1822 ⁵1
1488 1769 1490 1779 ·

121 1833 252 1898 scimus.
270 1835 459 1916 Fugientes,
470 1837 581 1919 ignitis
597 1840 722 1905 laminis
737 1841 998 1906 subiiciebautur:
1012 1840 1095 1902 unde
1112 1839 1176 1902 illis
1192 1859 1250 1904 no-

62 1942 64 1944 ·
121 1921 1000 2011 minartipmctioeretrocedendi,quasirernbnsusti.
1015 1927 1094 1992 Cum
1107 1928 1250 2012 ierispu

118 2027 231 2091 goare,
248 2011 289 2074 iis
306 2013 464 2081 familiare
479 2023 620 2093 erat‚·ut
637 2019 904 2102 voluptuosissimi
921 2018 1087 2082 hominurn
1102 2019 1250 2082 caedibus

116 2117 247 2183 quoque
261 2107 295 2166 et
310 2103 463 2185 sanguiue
473 2107 721 2178 oblectarentur:
738 2109 822 2192 quod
839 2107 921 2173 servi
937 2126 955 2172 u
972 2107 1066 2172 leone
1082 2106 1184 2187 agniti
1200 2106 1251 2171 hi-

119 2188 222 2257 storia
234 2191 420 2277 testaturdl.
431 2194 505 2261 Non
516 2213 592 2274 sane
604 2196 778 2278 expetenda
790 2202 891 2272 aetas,
903 2213 964 2280 qua
977 2195 1123 2260 bomiues
1138 2195 1251 2261 buma-
1284 2187 1316 2273 a)
1333 2191 1364 2244 Α·
1380 2190 1494 2260 Gellius,

119 2277 779 2372 manitatealeonibussuperabantur(b).
894 2361 897 2366 ¹
1025 2287 1028 2294 ’
1273 2262 1472 2338 ¹¹¹³·V²⁰·¹⁴'

210 2365 271 2436 rx.
282 2370 393 2458 Neque
406 2389 479 2438 vero
492 2373 525 2437 in
538 2391 644 2438 servos
657 2374 752 2441 iacile
764 2374 928 2458 placabilis
940 2373 1076 2440 eratille
1087 2373 1248 2456 sexusqui

199 2565 240 2638 tol
258 2587 269 2617 α
284 2565 308 2634 ,ΙΙ
322 2583 338 2641 y
352 2567 426 2624 avoit
438 2569 510 2630 douo
523 2569 588 2626 eber
602 2555 642 2626 les
654 2572 739 2628 Grecr
750 2577 779 2628 et
792 2570 858 2626 cbez
868 2569 908 2627 les
919 2570 1047 2630 Romaion
1062 2569 1111 2624 des
1123 2568 1245 2624 hommes

161 2641 164 2650 .
203 2638 225 2668 „
258 2641 263 2652 .
477 2643 484 2660 ,
709 2649 714 2658 ,
813 2647 817 2656 ,
1021 2643 1028 2674 ‚
1084 2643 1090 2658 ,

119 2641 1246 2794 tlttttttdtltttttttttttttttttltttt.ttttttttttttt

119 2791 155 2847 de
176 2791 203 2848 la
217 2790 318 2849 socie'te
334 2809 385 2865 par
397 2803 578 2870 consequent,
593 2813 624 2855 ce
639 2799 684 2871 qui
697 2805 740 2855 est
750 2795 823 2870 'pour
837 2793 914 2854 l'dtre
932 2796 1142 2854 naturetlemeut
1157 2798 1245 2852 socia·

120 2866 165 2923 ble
188 2865 212 2923 le
226 2867 289 2938 plus
310 2869 374 2926 baut
390 2869 475 2943 degrd
496 2873 613 2940 possible
634 2872 822 2944 d’oppreseion
840 2895 851 2923 n
869 2873 926 2946 tlte
939 2873 1057 2943 Benaco,
1073 2871 1245 2948 Spectote'ur

121 2945 274 3016 Fronpatr
286 2959 328 3001 ort
343 2947 425 3003 XIX
432 2945 529 3018 stacte,
545 2955 567 3006 t.
585 2950 605 3016 l,
622 2951 650 3020 p'.
666 2954 733 3006 265.
1004 2953 1009 2962 ’

149 3025 153 3032 “
202 3020 239 3090 ibt
257 3017 374 3076 Plurima
388 3019 534 3084 rideantur
546 3025 621 3095 apud
638 3025 671 3081 de
686 3024 814 3099 Bnriguy,
831 3025 966 3082 Premter
985 3023 1124 3078 nvemoire
1137 3038 1189 3078 rien
1201 3020 1243 3079 les

118 3091 404 3167 arctoam-omarus,
418 3095 498 3155 llem.
513 3098 548 3156 de
563 3098 666 3155 l’Acad.
676 3102 725 3156 des
741 3099 868 3170 inscript.
885 3105 907 3156 t.
924 3097 1067 3170 Xlllll'„io
1080 3100 1106 3167 t,
1120 3113 1147 3167 p.
1164 3098 1243 3168 tlt).

197 3169 357 3240 ltePedauii
368 3181 459 3231 morte
471 3175 552 3230 reiert
562 3177 682 3232 Tacitus:
695 3199 706 3226 a
718 3177 886 3232 Praefectum
897 3173 971 3231 urbis
984 3173 1129 3234 l’edaoium
1139 3175 1243 3234 secun·

119 3243 188 3301 dum
201 3260 298 3302 seruus
313 3247 396 3317 ipsius
410 3250 553 3307 interiecit.
568 3252 635 3306 Cum
657 3252 740 3324 reteri
755 3266 788 3307 ex
805 3265 880 3308 more
894 3248 1022 3307 familiam
1036 3263 1053 3304 o
1066 3264 1156 3318 tinem,
1172 3262 1241 3320 qnae

120 3319 173 3376 sub
186 3319 282 3378 eodem
296 3329 368 3379 teoto
383 3326 584 3398 mansitaverat,
599 3327 633 3382 ad
648 3327 812 3398 simplicium
822 3327 864 3398 agi
875 3330 1168 3396 oporteret,concursu
1184 3321 1243 3394 ple·

120 3395 173 3468 bis,
189 3411 258 3469 quae
274 3403 315 3456 tot
329 3400 452 3458 innoxios
465 3402 636 3475 protegebat,
651 3418 737 3476 usque
751 3401 786 3459 ad
799 3399 960 3458 seditionem
976 3406 1084 3454 rentum
1098 3399 1242 3471 est38ena-

118 3479 207 3544 tuque
230 3471 257 3528 in
273 3474 332 3545 ipro
345 3483 425 3534 eraut
438 3477 527 3534 studia
541 3479 650 3533 nimiam
665 3479 838 3535 severitatem
857 3475 1070 3547 aspernantium.
1090 3495 1101 3525 o
1118 3473 1147 3530 ln
1161 3485 1239 3547 quos,

119 3548 276 3606 sententiae
294 3550 751 3623 loeo,eoueludebat.ss.cnssius:a
768 3555 900 3625 Suspecta
915 3548 1059 3608 maioribus
1073 3550 1173 3606 nostris
1184 3549 1242 3605 tue·

122 3639 152 3680 re
159 3624 276 3695 *ingenia
294 3630 540 3701 servorum‚etiam
554 3645 616 3685 eum
632 3630 656 3685 in
669 3629 740 3700 agris
751 3635 798 3685 aut
807 3626 931 3692 domibus
942 3627 1037 3684 iisdem
1050 3632 1241 3695 nascerentur,

122 3700 342 3775 charitatemque
357 3701 529 3764 dominorum
543 3706 635 3772 statim
649 3707 815 3776 acciperent.
831 3704 977 3776 Postquam
999 3716 1061 3760 vero
1073 3716 1203 3774 acriores
1217 3701 1242 3756 iu

124 3772 233 3832 familiis
247 3775 391 3852 babemus,
407 3781 506 3853 qubus
519 3780 617 3836 diversi
629 3781 709 3852 ritus,
719 3787 834 3836 externa
845 3793 934 3848 saera,
945 3782 993 3834 aut
1006 3775 1082 3832 nulla
1096 3781 1169 3846 snut3
1179 3774 1244 3848 cpi·

124 3866 227 3906 curren
249 3853 326 3909 istam
341 3857 447 3913 uounisi
469 3865 544 3920 metu
556 3857 721 3912 coercueris.
734 3856 770 3910 At
783 3853 894 3927 quidam
908 3854 1027 3908 insontes
1040 3851 1177 3922 peribunt.
1189 3853 1243 3908 lla-

121 3927 169 3982 bet
182 3925 283 4000 aliquid
296 3943 329 3984 ex
343 3931 436 4002 iniquo
446 3947 527 3988 omne
539 3947 669 4004 magnum
679 3929 846 4001 exemplum,
855 3927 927 4002 quod
940 3934 1037 3984 contra
1048 3926 1180 4001 singulos,
1190 3936 1244 3983 ntr-

123 4002 320 4074 litatepubliea
341 4007 510 4077 rependitur.
530 4029 541 4057 a
565 4003 661 4064 'lr'istie
676 4008 804 4070 societas,
819 4020 888 4078 quae
905 4005 1011 4060 nonnisi
1033 4003 1136 4076 ingenti
1151 4003 1244 4059 insnu-

120 4079 189 4135 tium
204 4079 290 4136 caede
302 4081 473 4140 servabatur!
493 4103 504 4134 a
520 4084 678 4140 Sententiae
692 4082 778 4138 Cassii
793 4087 823 4138 ut
837 4095 916 4140 nemo
930 4095 1000 4136 unus
1010 4079 1146 4150 contraire
1160 4093 1243 4136 ausus

120 4161 175 4226 ert,
192 4155 228 4214 ita
242 4155 466 4216 dissenseroces
478 4159 689 4230 respondebant:
702 4167 858 4230 uumemm,
869 4161 1057 4226 autaetatem,
1074 4161 1122 4213 aut
1134 4169 1243 4224 sexum,

121 4236 170 4288 aut
188 4229 382 4308 plurimorum,
404 4233 545 4292 indubiam
564 4235 750 4292 innocentiam
764 4230 960 4296 miserantium.
976 4229 1132 4288 Praevaluit
1151 4235 1244 4288 umen

120 4320 196 4381 pars,
212 4322 282 4380 quae
296 4310 462 4382 supplicium
474 4307 653 4368 decernebat:
668 4308 717 4367 sed
730 4308 915 4379 obtemperari
930 4322 983 4362 non
999 4312 1118 4378 poterat,
1132 4304 1245 4390 conglo-

119 4382 183 4438 bata
203 4382 387 4462 multitudine,
403 4401 479 4457 sara,
495 4402 529 4449 tc
546 4385 621 4443 iaces
636 4384 789 4442 minitante.
805 4385 873 4440 Tum
887 4383 989 4442 Caesar
1009 4381 1140 4453 populum
1153 4378 1245 4458 edicto

118 4457 263 4530 increpuit:
278 4467 360 4536 atque
374 4478 455 4521 omne
469 4449 588 4536 iterque
602 4461 722 4519 damnati
740 4459 776 4517 ad
793 4457 1100 4530 poenamducebautur,
1120 4453 1244 4514 militari·

118 4532 169 4589 bus
185 4534 327 4606 praesidiis
342 4539 428 4611 sepsit
445 4561 456 4590 c
476 4538 562 4612 (Tic,
579 4537 704 4612 Annei,
719 4537 788 4609 lllV,
802 4534 913 4609 leiti.
926 4535 1044 4593 Naturae
1060 4539 1110 4588 ror
1125 4546 1140 4588 a
1157 4545 1246 4602 popu·
1351 4607 1354 4612 ἱ

120 4607 156 4685 lo,
173 4627 227 4672 non
242 4611 378 4689 elegitur
393 4614 599 4674 exaudiebatur!
